3434 5434
381 628 488 705 nus
512 628 801 727 verounum.
824 632 924 705 srvr
949 606 1136 717 Mulon.
1199 658 1245 727 ῃ
1270 624 1275 635 “

276 820 366 893 lucae
381 816 514 919 sliquam:
557 820 674 892 haecm
699 814 840 891 uniuersa
862 826 1046 919 commixta«
1062 838 1157 921 atque
1178 814 1276 900 suc-3

279 918 373 1005 tensa,
397 920 488 995 odore
514 918 575 996 suo
595 924 721 995 morbis
744 942 809 995 tam
825 928 997 997 hominum
1012 949 1110 1025 quam
1125 928 1246 995 anima·

285 1026 345 1098 lium
365 1024 510 1112 nidum,
550 1046 582 1099 et
609 1024 783 1099 daemones
807 1021 939 1126 fugant,
976 1027 1146 1125 grandines
1169 1053 1244 1127 pro·

281 1132 374 1213 ultre,
393 1140 540 1203 erae'rem
557 1126 705 1203 desecare
721 1128 880 1203 dicuntur.
931 1130 994 1203 Sed
1009 1128 1034 1201 fi
1050 1152 1246 1205 memoratos

275 1231 373 1331 bpidrt
391 1244 459 1306 ευτ’·
481 1239 627 1307 inuenire
648 1239 843 1335 nequiueris,
878 1252 935 1308 aut
947 1241 1136 1307 enormitate
1151 1240 1243 1336 pretil

269 1338 438 1411 tbenrtioue
451 1333 639 1423 cessauerie,
666 1338 784 1439 reliqua
798 1335 990 1411 efficaciter⁰
1002 1334 1145 1439 prosunt.
1230 1355 1238 1369 ’

327 1544 405 1618 XXI.
428 1538 597 1615 Medicina
611 1549 739 1615 omnis⁸
753 1542 961 1635 animalium,
993 1542 1062 1634 uel,
1088 1538 1113 1614 sr
1130 1567 1245 1628 verum

253 1646 467 1743 quaenrnusl’,
486 1652 605 1719 'etiarn
633 1652 825 1731 hominum,
863 1645 941 1719 nisuc
971 1652 1128 1717 rationem
1155 1673 1243 1716 cura·

266 1754 345 1821 rionis
367 1768 442 1823 ante
467 1757 660 1849 cognouerit
685 1770 777 1850 atque
799 1751 1009 1851 praedixerit,
1041 1744 1264 1848 languenti-rs.

265 1854 386 1949 percolo
404 1856 539 1925 errabit⁶
566 1850 760 1955 frequenter.
823 1852 976 1952 Expofita
998 1858 1086 1924 enirn
1110 1847 1244 1922 curandi

267 1962 347 2041 ratio,
385 1953 533 2028 etscum
562 1982 682 2056 genere
711 1979 895 2053 congruens
918 1952 1086 2055 passionis,
1119 1952 1245 2026 indubi-

265 2068 370 2130 tanrerss
388 2058 526 2159 praellat
546 2062 712 2134 auxilium.
777 2056 916 2161 Ideoque
934 2059 1075 2157 pluribus
1089 2050 1244 2130 membris
1356 2105 1360 2124 .

268 2164 419 2235 acmorbis
440 2164 595 2261 generale
625 2157 806 2237 remedium
828 2158 1018 2261 diligenterh
1039 2182 1167 2263 oportet
1189 2170 1258 2260 en‘-¹

263 2271 345 2363 poni,
377 2265 470 2366 quod
491 2276 661 2367 praecipue
685 2275 716 2341 in
739 2264 899 2362 sanguinis
925 2262 1120 2339 detrudiione
1141 2260 1243 2337 cousi·

264 2366 318 2453 llir,
344 2366 365 2441 fi
387 2372 620 2442 rationabiliter
642 2397 701 2470 pro
722 2380 869 2469 tempore
882 2388 913 2441 et
923 2369 1042 2439 viribus
1056 2366 1244 2440 animalium

265 2494 289 2541 et
301 2496 351 2571 pru
363 2472 481 2545 aetatei
501 2470 634 2572 persedii
651 2472 856 2547 mulomedici
875 2471 1062 2545 adhibeatur
1078 2470 1241 2545 induslria.

264 2572 371 2677 Qilli
385 2583 521 2675 ignarus
536 2572 632 2649 suerit
645 2584 735 2650 buius
749 2582 896 2663 rationis,
917 2600 982 2648 non
997 2571 1100 2649 solum
1116 2601 1174 2673 per
1189 2570 1272 2643 doz

264 2680 430 2753 mulionem
457 2675 621 2779 sanguinis
641 2678 725 2753 non¹
745 2682 883 2768 curabit,
921 2705 1035 2751 verum
1053 2684 1149 2751 etiarn
1162 2680 1245 2777 peri·

265 2784 354 2854 culum
373 2789 529 2855 iumentis
551 2779 803 2887 frequentiliime
826 2784 1000 2883 generabit.
1062 2784 1150 2855 Nam
1167 2786 1243 2851 cum

268 2891 314 2956 rita
324 2892 481 2989 virtusque
496 2892 709 2961 animantium
725 2886 903 2960 consrssatm
918 2881 1129 2983 insanguine,
1140 2878 1244 2957 rursus

263 2990 426 3091 tempestiue
450 2987 611 3064 detradiut
629 2988 754 3091 sanguis
773 2996 924 3089 corporiu
946 2988 1102 3088 praeliare
1119 2983 1244 3061 adsolet

234 3086 415 3187 ,intrarem
487 3100 588 3168 Cuius
617 3104 660 3168 rei
690 3098 760 3167 talis
789 3093 932 3167 redditur
956 3097 1048 3164 ratio.
1109 3095 1271 3189 Sanguis3

263 3200 336 3269 euim
358 3200 512 3270 ciborum
538 3204 806 3300 humorumque⁰
840 3194 1054 3293 indigestione
1079 3214 1244 3292 corruptus

266 3324 311 3396 per
324 3302 468 3373 membra
494 3298 657 3388 discurrit,
693 3324 724 3375 et
745 3303 935 3401 languorem
956 3296 1168 3398 doloremque
1190 3312 1245 3366 aut

264 3400 389 3478 uniuerso
416 3410 574 3503 corpori,
613 3428 665 3477 aut
690 3412 780 3479 certis
802 3400 990 3507 quibusdam
1009 3406 1148 3501 partibus
1167 3423 1245 3471 cun·

268 3498 346 3577 sueuit
384 3504 518 3582 inferre.
576 3512 675 3583 'Nam
719 3536 778 3611 per
818 3506 1082 3581 couslridliouem
1127 3528 1245 3579 neruo·

784 3615 814 3685 C
843 3636 862 3700 3
1169 3632 1245 3678 rnrn

295 3823 324 3861 ι.
337 3820 359 3861 et
368 3808 425 3865 odd.
437 3814 495 3867 (ἕο.
799 3814 819 3869 f.
837 3810 928 3867 omisso
941 3820 964 3863 tt
976 3810 1026 3865 Go.
1047 3827 1098 3863 erra
1107 3824 1193 3879 gram
1207 3795 1243 3861 io·

296 3892 318 3929 ru
332 3891 368 3929 nr
380 3897 431 3933 orn.
447 3882 502 3934 Go.
762 3885 878 3953 monuit.

294 3960 316 3997 o.
327 3948 462 4017 [φάσκειν
476 3951 530 4002 Go.
821 3997 824 4005 ,
845 3949 1001 4003 indubitatur
1013 3950 1038 4001 S.
1045 3949 1083 4004 M.

297 4016 351 4081 Cap.
364 4018 433 4069 XXI.
470 4035 494 4069 a.
512 4018 639 4073 comunis
655 4020 681 4075 S.
694 4020 732 4074 Μ.
800 3970 828 4075 l.
850 4022 985 4087 diligentius
998 4020 1023 4070 S.
1040 4020 1081 4071 Μ.

298 4076 461 4147 inuenta-1
477 4088 502 4138 S.
519 4088 556 4139 Μ.
701 4136 706 4147 ,
802 4092 819 4144 i.
837 4092 875 4143 lta
887 4105 935 4156 pro
950 4089 1062 4153 requirite
1082 4103 1113 4139 ex
1131 4086 1156 4139 S.
1171 4085 1210 4139 M.
1220 4098 1247 4138 et

299 4164 318 4200 α
330 4154 349 4214 li
361 4154 385 4206 S.
401 4158 438 4207 M.
451 4171 503 4207 om.
518 4156 570 4207 Go.
768 4161 818 4214 Go.
834 4156 938 4213 Gesner.

301 4220 323 4269 d.
339 4224 372 4273 ltr
391 4238 438 4291 pro
462 4224 624 4291 ltngntnribns
646 4225 672 4279 S.
695 4226 733 4281 M.
802 4229 827 4281 k.
846 4226 911 4303 Qud
927 4226 979 4279 Go.

271 4286 379 4365 Μικ
399 4290 536 4413 tuppntum
556 4310 586 4345 en
606 4296 656 4347 Go.
675 4310 734 4346 eor·
801 4297 820 4350 l.
841 4314 889 4348 nou
904 4312 950 4346 rur.
966 4308 1018 4347 om.
1032 4292 1082 4345 (lo.
1102 4303 1131 4343 vt
1144 4287 1250 4355 sequens

275 4368 335 4417 Μὴ
358 4372 381 4411 et
400 4376 434 4429 po
479 4362 617 4429 praedixerit
634 4380 734 4417 comma
764 4366 949 4435 srtqnnrtiffime.

276 4423 345 4501 posui.
370 4427 465 4479 Gesner
479 4430 602 4483 malebat:
621 4435 735 4501 longuen—
803 4453 838 4489 m.
847 4436 849 4441 “
858 4432 959 4499 confidit
973 4430 1024 4482 Go-

275 4492 454 4561 usurparentur·
468 4500 552 4549 ttenhir
565 4502 601 4565 st.
804 4523 831 4559 n.
849 4517 964 4569 arripere
976 4512 1014 4565 pr.
1024 4497 1083 4563 solet
1100 4494 1150 4545 Go.

306 4576 326 4616 e
340 4566 421 4619 molit
432 4582 485 4621 our.
499 4570 524 4623 S.
539 4570 575 4623 Μ.
808 4588 832 4628 o.
852 4574 1014 4635 bustorumque
1028 4580 1079 4618 om.
1093 4554 1120 4617 8.
1133 4562 1169 4614 M.
