3434 5434
345 583 479 658 ARTIS
509 585 789 664 VETERlNAR.
812 591 915 664 SIVE
939 588 1126 664 MVLOM.
1170 613 1245 680 ¹3³-

273 821 280 834 ·
314 774 357 846 u.
385 777 600 874 Impetigines
632 801 759 875 quoque
791 782 823 850 in
852 779 995 852 articulis
1023 775 1075 853 rel
1101 778 1238 877 genibus

259 882 325 946 iuter
342 903 458 950 neruos
485 878 778 952 oonrmilluralibus
801 881 880 954 locis
895 877 1080 984 xaliquando
1104 876 1239 954 nascun·
1265 899 1286 976 J

264 1001 315 1065 tur,
335 1002 362 1052 et
379 982 416 1070 fir
437 982 559 1056 vulnus
578 979 679 1057 sirnilc
699 983 872 1082 rhagadio‚
902 1008 933 1058 et
951 1012 1020 1058 uon
1038 980 1135 1058 l'a'cile
1148 979 1245 1065 sana,

263 1103 312 1166 tur,
326 1082 378 1156 nil'r
391 1084 525 1160 llalticis
539 1086 590 1159 vel
604 1085 747 1186 llypticis
761 1091 873 1175 rebus,
895 1114 964 1162 non
978 1086 1046 1165 line
1059 1086 1235 1187 alligatura,

262 1185 295 1259 tel
304 1185 454 1260 interdum
470 1187 639 1262 adustione
653 1212 788 1269 curetur.
813 1192 999 1294 Malagmas
1012 1217 1142 1294 quoque
1157 1217 1243 1266 con-

256 1295 385 1364 venientes
396 1314 532 1394 oportet
547 1299 686 1394 imponi.

308 1496 373 1568 Lll
398 1501 579 1596 Vrigincs⁸
599 1504 696 1572 etiarn
716 1501 751 1571 in
771 1493 929 1597 pedibus,
958 1500 1102 1574 cruribus
1116 1505 1233 1600 ungui·
1361 1531 1363 1536 ·

248 1595 348 1698 busque
367 1601 421 1674 vel
439 1598 500 1676 sub
522 1608 620 1676 aruris
637 1601 812 1701 aliquando
830 1624 1044 1700 generantur,
1071 1628 1146 1706 quas
1183 1610 1232 1676 ui-

246 1697 308 1772 dam
332 1701 522 1783 dulcedines
552 1727 694 1792 vocant3
739 1707 857 1778 habent
888 1703 1130 1780 lirnilirudinetn
1162 1631 1230 1778 lca·

247 1802 304 1877 biti.
354 1813 448 1911 Qae
471 1836 549 1882 curn
570 1803 602 1882 se
620 1805 824 1896 diffuderint,
862 1808 960 1907 pedes
982 1812 1168 1884 exulcerant
1186 1807 1229 1883 ad

245 1903 466 1985 sunilinrdinetn
498 1913 626 2012 leprae,
663 1935 695 1986 et
722 1932 855 2011 urgente
884 1920 1049 2012 prurigine
1078 1913 1232 1986 animalia·

249 2007 294 2081 fibi
309 2039 406 2112 putes
426 2017 497 2090 illas
522 2015 717 2102 corrodunt,
746 2016 798 2090 vel
816 2015 943 2088 alternis
956 2015 1091 2116 pedibus
1108 2013 1228 2090 consri-
1354 2006 1358 2021 '

252 2113 330 2188 cando
350 2119 531 2194 vulnerant.
590 2119 688 2220 Qod
711 2124 825 2192 vitium
845 2117 886 2190 ab
909 2118 1012 2193 crudo
1027 2122 1076 2194 vel
1092 2116 1254 2220 putridos

249 2221 360 2300 humore
392 2219 571 2304 consueuitw
586 2227 749 2322 generari,
794 2242 826 2294 et
849 2218 941 2296 idern
969 2221 1095 2300 curatur
1123 2222 1227 2298 detra·

245 2324 331 2396 (lione
350 2322 530 2426 sanguinis,
552 2329 759 2400 vulliouibus
781 2345 813 2398 et
831 2329 1075 2427 purgationibus
1096 2335 1227 2408 ventris,

245 2423 264 2496 fi
282 2427 362 2504 radia
383 2436 566 2506 cucumeris
588 2429 721 2504 siluatici
734 2455 810 2502 cum
823 2435 897 2506 nitri
911 2431 1042 2530 puluere
1057 2427 1226 2504 misceatur

245 2525 327 2604 infula
338 2560 398 2633 pec
410 2531 539 2621 fauces,
559 2539 712 2626 humores
723 2532 876 2634 pellimos
887 2554 1015 2635 purgat.

304 2740 382 2812 Llll.
412 2734 563 2838 Podagra
592 2766 671 2814 vero
701 2765 937 2842 nonnunquam
960 2732 1040 2812 solet
1064 2763 1226 2838 occupare

251 2842 385 2930 iuuenta,
420 2865 498 2918 cunt
526 2849 702 2918 bominum
729 2849 844 2918 vitium
871 2839 981 2916 traulrt
1007 2848 1041 2916 in
1066 2839 1226 2942 pecudes:

249 2947 319 3016 ruint
341 2944 489 3047 pastionis
514 2954 594 3022 haec
617 2943 688 3020 sunt
706 2945 806 3049 signa.
840 2973 901 3018 nec
919 2945 999 3018 llate
1020 2944 1141 3044 potell,
1160 2972 1225 3018 nec

247 3049 397 3134 ambulare,
412 3047 467 3130 sed
481 3049 507 3124 st
521 3045 674 3150 cogatur,
686 3049 855 3137 claudicat,
870 3070 902 3122 ct
915 3044 1050 3148 saepese
1064 3054 1223 3150 proiciet,

246 3145 308 3222 licut
328 3153 478 3254 indigesta
501 3181 542 3230 ex
562 3153 689 3232 hordeo
702 3154 850 3228 animalia
865 3150 1008 3236 faciunt,
1029 3163 1131 3252 quae*
1148 3177 1222 3251 pro·

202 3331 203 3340 ἶ
246 3275 301 3348 pret
312 3255 453 3333 dolorem
464 3285 534 3332 non
548 3259 691 3358 coquunt
704 3261 822 3334 cibum.
856 3278 888 3329 ct
901 3253 977 3328 ideo
988 3255 1026 3326 lit
1039 3255 1250 3341 horridum,2

247 3375 386 3440 numus
404 3369 474 3436 eius
496 3361 629 3447 calebit,
661 3390 761 3436 venae
781 3368 878 3438 etiam
898 3362 1072 3447 extabunt,
1109 3379 1222 3434 natura

250 3449 368 3538 subruilla
386 3473 466 3553 erit,
505 3471 541 3538 in
564 3466 697 3566 pedibus
717 3465 831 3538 llercus
853 3465 995 3536 haerebit
1017 3482 1148 3564 propter
1172 3467 1236 3534 tri-¹
1276 3563 1278 3567 ἢ
1307 3467 1314 3485 ’
1464 3526 1469 3533 .
1515 3452 1516 3461 “

248 3569 331 3642 mium
362 3596 481 3644 eorum
506 3569 667 3654 calorem,
710 3567 790 3642 licut
815 3565 952 3640 subtritis
978 3561 1057 3640 solet
1082 3572 1220 3640 euenire.

246 3669 295 3740 Cui
313 3671 470 3770 proderit,
495 3671 521 3746 fi
542 3699 612 3746 non
630 3671 746 3746 fiuatur
765 3672 972 3755 accumbere,
998 3665 1052 3743 sed
1067 3674 1248 3762 minutitn3

247 3765 402 3850 deambulet
422 3779 502 3851 loco
521 3774 629 3862 stcco,
657 3774 762 3852 donec
781 3771 892 3862 sudet,
924 3773 1105 3851 multorum
1119 3781 1221 3846 urani·

247 3873 292 3946 bus
303 3877 540 3956 confricandum
555 3878 611 3967 ell,
626 3901 659 3952 vt
674 3884 892 3953 vehementius
907 3873 1007 3952 sudet
1032 3875 1221 3977 sanguinem

250 3977 412 4060 siderales
432 4015 452 4060 a
472 4015 507 4058 ca
534 3991 575 4057 ite
593 3979 835 4086 asuperioribus
851 3989 959 4067 venis,
988 3978 1124 4056 sednon
1139 3980 1221 4053 mul·

249 4101 314 4164 tun.
341 4083 480 4192 sequenti
499 4013 552 4164 lle
573 4085 613 4162 de
634 4087 860 4264 posterioribus
875 4083 1114 4162 locis'detrahes
1128 4080 1222 4260 suipra

798 4215 816 4282 3
1049 4246 1053 4252 .
1130 4211 1144 4260 r
1174 4213 1224 4282 os,

274 4389 327 4504 ξιμ
340 4393 388 4472 lli.
420 4409 445 4449 a.
464 4392 555 4464 Vulgo
572 4394 695 4476 Vlr'gt'nes.¹
772 4395 836 4475 Cep.
850 4369 914 4449 lm.
936 4407 960 4448 ι.
977 4389 1221 4460 narsetem-

201 4541 206 4566 ,
249 4463 706 4592 ffl‘fflhwssnsntfflnmt
738 4475 814 4530 coquit
825 4462 903 4516 Gelu.
979 4526 984 4542 ι
