<?xml version="1.0" encoding="UTF-8"?>
<!DOCTYPE html PUBLIC "-//W3C//DTD XHTML 1.0 Transitional//EN"
    "http://www.w3.org/TR/xhtml1/DTD/xhtml1-transitional.dtd">
<html xmlns="http://www.w3.org/1999/xhtml" xml:lang="en" lang="en">
 <head>
  <title>
</title>
<meta http-equiv="Content-Type" content="text/html;charset=utf-8" />
  <meta name='ocr-system' content='tesseract 3.04.00' />
  <meta name='ocr-capabilities' content='ocr_page ocr_carea ocr_par ocr_line ocrx_word'/>
</head>
<body>
  <div class='ocr_page' id='page_1' title='image "./scriptorvmreirv01cresgoog_0475.png"; bbox 0 0 3434 5434; ppageno 0'>
   <div class='ocr_carea' id='block_1_1' title="bbox 347 565 1338 706">
    <p class='ocr_par' dir='ltr' id='par_1_1' title="bbox 347 565 1338 706">
     <span class='ocr_line' id='line_1_1' title="bbox 347 565 1338 706; baseline 0.038 -63"><span class='ocrx_word' id='word_1_1' title='bbox 347 635 351 643; x_wconf 88' lang='grc'><em>,</em></span> <span class='ocrx_word' id='word_1_2' title='bbox 479 580 1001 706; x_wconf 71' lang='lat' dir='ltr'><strong>inconcinnarum.</strong></span> <span class='ocrx_word' id='word_1_3' title='bbox 1136 565 1259 683; x_wconf 73' lang='lat' dir='ltr'><strong>-ea</strong></span> <span class='ocrx_word' id='word_1_4' title='bbox 1336 601 1338 604; x_wconf 79' lang='grc'><strong>’</strong></span> 
     </span>
    </p>
   </div>
   <div class='ocr_carea' id='block_1_2' title="bbox 296 765 1380 857">
    <p class='ocr_par' dir='ltr' id='par_1_2' title="bbox 296 765 1380 857">
     <span class='ocr_line' id='line_1_2' title="bbox 296 765 1380 857; baseline 0.016 -32"><span class='ocrx_word' id='word_1_5' title='bbox 296 765 328 831; x_wconf 84' lang='grc' dir='ltr'><strong>Ρ.</strong></span> <span class='ocrx_word' id='word_1_6' title='bbox 351 780 424 853; x_wconf 82' lang='lat'><strong>209.</strong></span> <span class='ocrx_word' id='word_1_7' title='bbox 449 766 520 836; x_wconf 72' lang='lat' dir='ltr'><strong>sest.</strong></span> <span class='ocrx_word' id='word_1_8' title='bbox 541 767 693 849; x_wconf 50' lang='lat' dir='ltr'><strong>granna*</strong></span> <span class='ocrx_word' id='word_1_9' title='bbox 708 770 783 837; x_wconf 70' lang='lat' dir='ltr'><strong>Lari</strong></span> <span class='ocrx_word' id='word_1_10' title='bbox 800 788 897 854; x_wconf 82' lang='lat' dir='ltr'><strong>porro</strong></span> <span class='ocrx_word' id='word_1_11' title='bbox 917 800 953 819; x_wconf 84' lang='lat'><strong>·-</strong></span> <span class='ocrx_word' id='word_1_12' title='bbox 985 772 1068 838; x_wconf 85' lang='lat' dir='ltr'><strong>nuda</strong></span> <span class='ocrx_word' id='word_1_13' title='bbox 1083 773 1193 857; x_wconf 86' lang='lat' dir='ltr'><strong>giarea</strong></span> <span class='ocrx_word' id='word_1_14' title='bbox 1212 777 1257 841; x_wconf 82' lang='lat' dir='ltr'><strong>ita</strong></span> <span class='ocrx_word' id='word_1_15' title='bbox 1376 766 1380 779; x_wconf 60' lang='lat'><strong>¹</strong></span> 
     </span>
    </p>
   </div>
   <div class='ocr_carea' id='block_1_3' title="bbox 226 854 1360 1198">
    <p class='ocr_par' dir='ltr' id='par_1_3' title="bbox 226 854 1360 1198">
     <span class='ocr_line' id='line_1_3' title="bbox 226 854 1256 941; baseline 0.008 -24"><span class='ocrx_word' id='word_1_16' title='bbox 226 854 384 931; x_wconf 85' lang='lat' dir='ltr'><strong>constituit,</strong></span> <span class='ocrx_word' id='word_1_17' title='bbox 404 868 499 939; x_wconf 88' lang='lat' dir='ltr'><strong>prout</strong></span> <span class='ocrx_word' id='word_1_18' title='bbox 517 878 580 941; x_wconf 86' lang='lat' dir='ltr'><strong>ego</strong></span> <span class='ocrx_word' id='word_1_19' title='bbox 596 860 671 923; x_wconf 84' lang='lat' dir='ltr'><strong>item</strong></span> <span class='ocrx_word' id='word_1_20' title='bbox 686 878 759 921; x_wconf 89' lang='lat' dir='ltr'><strong>eum</strong></span> <span class='ocrx_word' id='word_1_21' title='bbox 773 878 812 920; x_wconf 80' lang='lat' dir='ltr'><strong>ex</strong></span> <span class='ocrx_word' id='word_1_22' title='bbox 825 857 904 921; x_wconf 86' lang='lat' dir='ltr'><strong>Edd.</strong></span> <span class='ocrx_word' id='word_1_23' title='bbox 919 876 964 938; x_wconf 88' lang='lat' dir='ltr'><strong>pr.</strong></span> <span class='ocrx_word' id='word_1_24' title='bbox 989 874 1022 923; x_wconf 90' lang='lat' dir='ltr'><strong>et</strong></span> <span class='ocrx_word' id='word_1_25' title='bbox 1035 858 1133 923; x_wconf 91' lang='lat' dir='ltr'><strong>Codd.</strong></span> <span class='ocrx_word' id='word_1_26' title='bbox 1145 862 1256 925; x_wconf 76' lang='lat' dir='ltr'><strong>exseri.</strong></span> 
     </span>
     <span class='ocr_line' id='line_1_4' title="bbox 227 937 1258 1029; baseline 0.012 -28"><span class='ocrx_word' id='word_1_27' title='bbox 227 937 278 1023; x_wconf 84' lang='lat' dir='ltr'><strong>ps,</strong></span> <span class='ocrx_word' id='word_1_28' title='bbox 297 938 348 1002; x_wconf 86' lang='lat' dir='ltr'><strong>nisi</strong></span> <span class='ocrx_word' id='word_1_29' title='bbox 363 944 448 1023; x_wconf 89' lang='lat' dir='ltr'><strong>qood</strong></span> <span class='ocrx_word' id='word_1_30' title='bbox 460 940 665 1026; x_wconf 78' lang='lat' dir='ltr'><strong>terraesalfiae</strong></span> <span class='ocrx_word' id='word_1_31' title='bbox 684 946 732 1009; x_wconf 82' lang='lat' dir='ltr'><strong>oei</strong></span> <span class='ocrx_word' id='word_1_32' title='bbox 750 962 898 1013; x_wconf 84' lang='lat' dir='ltr'><strong>amarae,-</strong></span> <span class='ocrx_word' id='word_1_33' title='bbox 924 944 1029 1026; x_wconf 74' lang='lat' dir='ltr'><strong>eligor</strong></span> <span class='ocrx_word' id='word_1_34' title='bbox 1054 964 1198 1029; x_wconf 81' lang='lat' dir='ltr'><strong>praeceps</strong></span> <span class='ocrx_word' id='word_1_35' title='bbox 1222 956 1258 1013; x_wconf 88' lang='lat' dir='ltr'><strong>et</strong></span> 
     </span>
     <span class='ocr_line' id='line_1_5' title="bbox 226 1026 1360 1115; baseline 0.011 -28"><span class='ocrx_word' id='word_1_36' title='bbox 226 1036 276 1089; x_wconf 81' lang='lat' dir='ltr'><strong>cet</strong></span> <span class='ocrx_word' id='word_1_37' title='bbox 289 1026 438 1109; x_wconf 81' lang='lat' dir='ltr'><strong>probauit.</strong></span> <span class='ocrx_word' id='word_1_38' title='bbox 475 1030 516 1093; x_wconf 66' lang='lat' dir='ltr'><strong>‘In</strong></span> <span class='ocrx_word' id='word_1_39' title='bbox 530 1030 656 1096; x_wconf 80' lang='lat' dir='ltr'><strong>Palladii</strong></span> <span class='ocrx_word' id='word_1_40' title='bbox 670 1028 992 1115; x_wconf 79' lang='lat' dir='ltr'><strong>loco,hincexpreffo</strong></span> <span class='ocrx_word' id='word_1_41' title='bbox 1006 1029 1033 1093; x_wconf 92' lang='lat' dir='ltr'><strong>I.</strong></span> <span class='ocrx_word' id='word_1_42' title='bbox 1053 1050 1120 1115; x_wconf 88' lang='lat' dir='ltr'><strong>cap.</strong></span> <span class='ocrx_word' id='word_1_43' title='bbox 1135 1046 1164 1113; x_wconf 83' lang='lat'><strong>5.</strong></span> <span class='ocrx_word' id='word_1_44' title='bbox 1184 1030 1258 1099; x_wconf 74' lang='lat' dir='ltr'><strong>sest.</strong></span> <span class='ocrx_word' id='word_1_45' title='bbox 1284 1050 1287 1058; x_wconf 81' lang='grc'><strong>’</strong></span> <span class='ocrx_word' id='word_1_46' title='bbox 1354 1098 1360 1105; x_wconf 86' lang='grc'><em>,</em></span> 
     </span>
     <span class='ocr_line' id='line_1_6' title="bbox 229 1110 1215 1198; baseline 0.007 -25"><span class='ocrx_word' id='word_1_47' title='bbox 229 1110 851 1198; x_wconf 72' lang='lat' dir='ltr'><strong>astaiidamecommotatinsota&#39;aumfa.</strong></span> <span class='ocrx_word' id='word_1_48' title='bbox 1211 1129 1215 1140; x_wconf 87' lang='lat'>&#39;</span> 
     </span>
    </p>
   </div>
   <div class='ocr_carea' id='block_1_4' title="bbox 298 1145 1339 1285">
    <p class='ocr_par' dir='ltr' id='par_1_4' title="bbox 298 1145 1339 1285">
     <span class='ocr_line' id='line_1_7' title="bbox 298 1145 1339 1285; baseline 0.009 -25"><span class='ocrx_word' id='word_1_49' title='bbox 298 1198 329 1261; x_wconf 87' lang='lat' dir='ltr'><strong>P.</strong></span> <span class='ocrx_word' id='word_1_50' title='bbox 352 1214 427 1263; x_wconf 79' lang='lat' dir='ltr'><strong>aaa.</strong></span> <span class='ocrx_word' id='word_1_51' title='bbox 446 1198 521 1284; x_wconf 90' lang='lat' dir='ltr'><strong>Cap.</strong></span> <span class='ocrx_word' id='word_1_52' title='bbox 541 1198 659 1268; x_wconf 71' lang='lat' dir='ltr'><strong>XXIV.</strong></span> <span class='ocrx_word' id='word_1_53' title='bbox 680 1197 752 1266; x_wconf 67' lang='lat' dir='ltr'><strong>ie&amp;</strong></span> <span class='ocrx_word' id='word_1_54' title='bbox 768 1216 797 1281; x_wconf 82' lang='lat'><strong>5.</strong></span> <span class='ocrx_word' id='word_1_55' title='bbox 819 1197 1255 1285; x_wconf 68' lang='lat' dir='ltr'><strong>niifiiugumsaperseiia-</strong></span> <span class='ocrx_word' id='word_1_56' title='bbox 1336 1145 1339 1152; x_wconf 20' lang='lat'><strong><em>⁴</em></strong></span> 
     </span>
    </p>
   </div>
   <div class='ocr_carea' id='block_1_5' title="bbox 224 1283 1371 1370">
    <p class='ocr_par' dir='ltr' id='par_1_5' title="bbox 224 1283 1371 1370">
     <span class='ocr_line' id='line_1_8' title="bbox 224 1283 1371 1370; baseline 0.012 -26"><span class='ocrx_word' id='word_1_57' title='bbox 224 1283 352 1347; x_wconf 80' lang='lat' dir='ltr'><strong>renauaai</strong></span> <span class='ocrx_word' id='word_1_58' title='bbox 364 1302 406 1346; x_wconf 81' lang='lat' dir='ltr'><strong>ex</strong></span> <span class='ocrx_word' id='word_1_59' title='bbox 419 1284 495 1351; x_wconf 83' lang='lat' dir='ltr'><strong>Edd.</strong></span> <span class='ocrx_word' id='word_1_60' title='bbox 510 1302 561 1370; x_wconf 83' lang='lat' dir='ltr'><strong>pr.</strong></span> <span class='ocrx_word' id='word_1_61' title='bbox 579 1286 670 1351; x_wconf 89' lang='lat' dir='ltr'><strong>Polit.</strong></span> <span class='ocrx_word' id='word_1_62' title='bbox 686 1297 720 1351; x_wconf 85' lang='lat' dir='ltr'><strong>et</strong></span> <span class='ocrx_word' id='word_1_63' title='bbox 739 1286 804 1350; x_wconf 86' lang='lat' dir='ltr'><strong>suo.</strong></span> <span class='ocrx_word' id='word_1_64' title='bbox 816 1288 946 1370; x_wconf 83' lang='lat' dir='ltr'><strong>probat3</strong></span> <span class='ocrx_word' id='word_1_65' title='bbox 973 1300 1028 1352; x_wconf 81' lang='lat' dir='ltr'><strong>eut</strong></span> <span class='ocrx_word' id='word_1_66' title='bbox 1041 1291 1137 1370; x_wconf 79' lang='lat' dir='ltr'><strong>super</strong></span> <span class='ocrx_word' id='word_1_67' title='bbox 1157 1288 1258 1357; x_wconf 64' lang='lat' dir='ltr'><strong>eurffa</strong></span> <span class='ocrx_word' id='word_1_68' title='bbox 1366 1325 1371 1335; x_wconf 92' lang='lat'><strong>·</strong></span> 
     </span>
    </p>
   </div>
   <div class='ocr_carea' id='block_1_6' title="bbox 215 1368 1328 2064">
    <p class='ocr_par' dir='ltr' id='par_1_6' title="bbox 215 1368 1328 2064">
     <span class='ocr_line' id='line_1_9' title="bbox 223 1368 1259 1459; baseline 0.013 -30"><span class='ocrx_word' id='word_1_69' title='bbox 223 1372 293 1458; x_wconf 86' lang='lat' dir='ltr'><strong>qaod</strong></span> <span class='ocrx_word' id='word_1_70' title='bbox 307 1369 338 1432; x_wconf 90' lang='lat' dir='ltr'><strong>in</strong></span> <span class='ocrx_word' id='word_1_71' title='bbox 350 1368 430 1452; x_wconf 90' lang='lat' dir='ltr'><strong>Lips.</strong></span> <span class='ocrx_word' id='word_1_72' title='bbox 444 1368 506 1435; x_wconf 84' lang='lat' dir='ltr'><strong>effe</strong></span> <span class='ocrx_word' id='word_1_73' title='bbox 521 1370 686 1457; x_wconf 86' lang='lat' dir='ltr'><strong>suspicatur</strong></span> <span class='ocrx_word' id='word_1_74' title='bbox 699 1372 889 1455; x_wconf 82' lang='lat' dir='ltr'><strong>Pontedera,</strong></span> <span class='ocrx_word' id='word_1_75' title='bbox 911 1374 984 1457; x_wconf 75' lang='lat' dir='ltr'><strong>quia</strong></span> <span class='ocrx_word' id='word_1_76' title='bbox 1003 1374 1151 1459; x_wconf 86' lang='lat' dir='ltr'><strong>sequente</strong></span> <span class='ocrx_word' id='word_1_77' title='bbox 1170 1377 1259 1442; x_wconf 83' lang='lat' dir='ltr'><strong>verso</strong></span> 
     </span>
     <span class='ocr_line' id='line_1_10' title="bbox 215 1452 1328 1539; baseline 0.008 -23"><span class='ocrx_word' id='word_1_78' title='bbox 215 1452 560 1535; x_wconf 70' lang='lat' dir='ltr'><strong>jeffahabetisCodex.</strong></span> <span class='ocrx_word' id='word_1_79' title='bbox 738 1464 742 1474; x_wconf 91' lang='lat'>&#39;</span> <span class='ocrx_word' id='word_1_80' title='bbox 900 1516 904 1521; x_wconf 91' lang='lat'><strong>.</strong></span> <span class='ocrx_word' id='word_1_81' title='bbox 1220 1509 1227 1523; x_wconf 73' lang='lat'><strong>.</strong></span> <span class='ocrx_word' id='word_1_82' title='bbox 1323 1527 1328 1539; x_wconf 74' lang='grc'><em>,</em></span> 
     </span>
     <span class='ocr_line' id='line_1_11' title="bbox 294 1537 1258 1629; baseline 0.008 -24"><span class='ocrx_word' id='word_1_83' title='bbox 294 1537 378 1605; x_wconf 77' lang='lat' dir='ltr'><strong>sest.</strong></span> <span class='ocrx_word' id='word_1_84' title='bbox 399 1560 431 1623; x_wconf 77' lang='grc'><strong>7.</strong></span> <span class='ocrx_word' id='word_1_85' title='bbox 449 1540 612 1629; x_wconf 65' lang='lat' dir='ltr'><strong>canusium</strong></span> <span class='ocrx_word' id='word_1_86' title='bbox 623 1562 662 1605; x_wconf 80' lang='lat' dir='ltr'><strong>en</strong></span> <span class='ocrx_word' id='word_1_87' title='bbox 676 1542 772 1611; x_wconf 86' lang='lat' dir='ltr'><strong>Polit.</strong></span> <span class='ocrx_word' id='word_1_88' title='bbox 785 1542 895 1610; x_wconf 87' lang='lat' dir='ltr'><strong>Ambr.</strong></span> <span class='ocrx_word' id='word_1_89' title='bbox 920 1539 1052 1611; x_wconf 87' lang='lat' dir='ltr'><strong>Tromb.</strong></span> <span class='ocrx_word' id='word_1_90' title='bbox 1072 1553 1107 1611; x_wconf 89' lang='lat' dir='ltr'><strong>et</strong></span> <span class='ocrx_word' id='word_1_91' title='bbox 1127 1543 1258 1613; x_wconf 77' lang='lat' dir='ltr'><strong>obduxe-</strong></span> 
     </span>
     <span class='ocr_line' id='line_1_12' title="bbox 223 1624 1012 1777; baseline 0.013 -92"><span class='ocrx_word' id='word_1_92' title='bbox 223 1634 286 1688; x_wconf 86' lang='lat' dir='ltr'><strong>runt</strong></span> <span class='ocrx_word' id='word_1_93' title='bbox 297 1644 337 1689; x_wconf 79' lang='lat' dir='ltr'><strong>ex</strong></span> <span class='ocrx_word' id='word_1_94' title='bbox 349 1624 441 1692; x_wconf 88' lang='lat' dir='ltr'><strong>Polit.</strong></span> <span class='ocrx_word' id='word_1_95' title='bbox 452 1632 565 1777; x_wconf 84' lang='lat' dir='ltr'><strong>probat</strong></span> <span class='ocrx_word' id='word_1_96' title='bbox 577 1649 701 1691; x_wconf 88' lang='lat' dir='ltr'><strong>mecum</strong></span> <span class='ocrx_word' id='word_1_97' title='bbox 713 1628 895 1695; x_wconf 72' lang='lat' dir='ltr'><strong>Pontedera.</strong></span> <span class='ocrx_word' id='word_1_98' title='bbox 1007 1632 1012 1641; x_wconf 85' lang='grc'><strong>’</strong></span> 
     </span>
     <span class='ocr_line' id='line_1_13' title="bbox 294 1714 429 1779; baseline 0.015 -2"><span class='ocrx_word' id='word_1_99' title='bbox 294 1714 330 1777; x_wconf 91' lang='grc' dir='ltr'><strong>Ρ.</strong></span> <span class='ocrx_word' id='word_1_100' title='bbox 355 1728 429 1779; x_wconf 81' lang='lat' dir='ltr'><strong>aa.</strong></span> 
     </span>
     <span class='ocr_line' id='line_1_14' title="bbox 221 1731 1259 1885; baseline 0.01 -26"><span class='ocrx_word' id='word_1_101' title='bbox 221 1794 301 1861; x_wconf 87' lang='lat' dir='ltr'><strong>Posit.</strong></span> <span class='ocrx_word' id='word_1_102' title='bbox 315 1808 348 1861; x_wconf 91' lang='lat' dir='ltr'><strong>et</strong></span> <span class='ocrx_word' id='word_1_103' title='bbox 360 1731 417 1861; x_wconf 59' lang='lat' dir='ltr'><strong>sog</strong></span> <span class='ocrx_word' id='word_1_104' title='bbox 428 1802 564 1881; x_wconf 81' lang='lat' dir='ltr'><strong>praefert</strong></span> <span class='ocrx_word' id='word_1_105' title='bbox 580 1802 772 1877; x_wconf 78' lang='lat' dir='ltr'>Pontedera,</span> <span class='ocrx_word' id='word_1_106' title='bbox 793 1802 954 1885; x_wconf 77' lang='lat' dir='ltr'><strong>supplens:</strong></span> <span class='ocrx_word' id='word_1_107' title='bbox 979 1804 1153 1867; x_wconf 77' lang='lat' dir='ltr'><strong>duramenti</strong></span> <span class='ocrx_word' id='word_1_108' title='bbox 1173 1804 1259 1869; x_wconf 75' lang='lat' dir='ltr'><strong>eirea</strong></span> 
     </span>
     <span class='ocr_line' id='line_1_15' title="bbox 222 1882 1269 1972; baseline 0.015 -30"><span class='ocrx_word' id='word_1_109' title='bbox 222 1882 383 1946; x_wconf 82' lang='lat' dir='ltr'><strong>exhaurire.</strong></span> <span class='ocrx_word' id='word_1_110' title='bbox 426 1886 507 1950; x_wconf 80' lang='lat' dir='ltr'><strong>Sane</strong></span> <span class='ocrx_word' id='word_1_111' title='bbox 522 1884 765 1969; x_wconf 78' lang='lat' dir='ltr'><strong>insequentibus</strong></span> <span class='ocrx_word' id='word_1_112' title='bbox 787 1886 870 1963; x_wconf 87' lang='lat' dir='ltr'><strong>sant,</strong></span> <span class='ocrx_word' id='word_1_113' title='bbox 888 1907 968 1972; x_wconf 89' lang='lat' dir='ltr'><strong>quae</strong></span> <span class='ocrx_word' id='word_1_114' title='bbox 989 1890 1269 1959; x_wconf 74' lang='lat' dir='ltr'><strong>verbumoocmue,</strong></span> 
     </span>
     <span class='ocr_line' id='line_1_16' title="bbox 224 1966 1257 2064; baseline 0.009 -34"><span class='ocrx_word' id='word_1_115' title='bbox 224 1967 372 2046; x_wconf 83' lang='lat' dir='ltr'>damnent,</span> <span class='ocrx_word' id='word_1_116' title='bbox 393 1968 445 2064; x_wconf 78' lang='lat' dir='ltr'><strong>sed</strong></span> <span class='ocrx_word' id='word_1_117' title='bbox 457 1966 579 2039; x_wconf 84' lang='lat' dir='ltr'><strong>videtur</strong></span> <span class='ocrx_word' id='word_1_118' title='bbox 591 1974 820 2037; x_wconf 78' lang='lat' dir='ltr'><strong>incommodam</strong></span> <span class='ocrx_word' id='word_1_119' title='bbox 834 1974 928 2038; x_wconf 87' lang='lat' dir='ltr'><strong>habet</strong></span> <span class='ocrx_word' id='word_1_120' title='bbox 940 1975 1238 2059; x_wconf 77' lang='lat' dir='ltr'><strong>interpretationem.</strong></span> <span class='ocrx_word' id='word_1_121' title='bbox 1253 2040 1257 2047; x_wconf 77' lang='grc'><strong>,</strong></span> 
     </span>
    </p>
   </div>
   <div class='ocr_carea' id='block_1_7' title="bbox 209 2082 1326 4061">
    <p class='ocr_par' dir='ltr' id='par_1_7' title="bbox 219 2082 1325 2934">
     <span class='ocr_line' id='line_1_17' title="bbox 297 2082 1314 2175; baseline 0.007 -25"><span class='ocrx_word' id='word_1_122' title='bbox 297 2086 332 2151; x_wconf 90' lang='grc' dir='ltr'><strong>Ρ.</strong></span> <span class='ocrx_word' id='word_1_123' title='bbox 355 2094 429 2165; x_wconf 82' lang='lat'><strong>218.</strong></span> <span class='ocrx_word' id='word_1_124' title='bbox 449 2086 525 2173; x_wconf 91' lang='lat' dir='ltr'><strong>Cap.</strong></span> <span class='ocrx_word' id='word_1_125' title='bbox 547 2082 667 2159; x_wconf 85' lang='lat' dir='ltr'><strong>XXVI.</strong></span> <span class='ocrx_word' id='word_1_126' title='bbox 697 2086 769 2153; x_wconf 77' lang='lat' dir='ltr'><strong>sest.</strong></span> <span class='ocrx_word' id='word_1_127' title='bbox 789 2093 901 2155; x_wconf 83' lang='lat' dir='ltr'><strong>i.·oiea</strong></span> <span class='ocrx_word' id='word_1_128' title='bbox 922 2092 1016 2155; x_wconf 83' lang='lat' dir='ltr'><strong>airam</strong></span> <span class='ocrx_word' id='word_1_129' title='bbox 1034 2101 1144 2175; x_wconf 82' lang='lat' dir='ltr'><strong>gotum</strong></span> <span class='ocrx_word' id='word_1_130' title='bbox 1166 2092 1260 2159; x_wconf 88' lang='lat' dir='ltr'><strong>Polit.</strong></span> <span class='ocrx_word' id='word_1_131' title='bbox 1312 2103 1314 2112; x_wconf 90' lang='lat'>&#39;</span> 
     </span>
     <span class='ocr_line' id='line_1_18' title="bbox 226 2170 1325 2262; baseline 0.008 -28"><span class='ocrx_word' id='word_1_132' title='bbox 226 2172 400 2257; x_wconf 75' lang='lat' dir='ltr'><strong>oleragotum</strong></span> <span class='ocrx_word' id='word_1_133' title='bbox 415 2170 545 2239; x_wconf 88' lang='lat' dir='ltr'><strong>Tromb.</strong></span> <span class='ocrx_word' id='word_1_134' title='bbox 559 2177 749 2262; x_wconf 61' lang='lat' dir='ltr'><strong>oleangotum</strong></span> <span class='ocrx_word' id='word_1_135' title='bbox 764 2174 890 2241; x_wconf 83' lang='lat' dir='ltr'><strong>Caesen.</strong></span> <span class='ocrx_word' id='word_1_136' title='bbox 900 2178 969 2240; x_wconf 73' lang='lat' dir='ltr'><strong>,oica</strong></span> <span class='ocrx_word' id='word_1_137' title='bbox 983 2188 1074 2258; x_wconf 81' lang='lat' dir='ltr'><strong>getas</strong></span> <span class='ocrx_word' id='word_1_138' title='bbox 1088 2180 1167 2242; x_wconf 88' lang='lat' dir='ltr'><strong>liber</strong></span> <span class='ocrx_word' id='word_1_139' title='bbox 1180 2176 1259 2242; x_wconf 89' lang='lat' dir='ltr'><strong>Pon·</strong></span> <span class='ocrx_word' id='word_1_140' title='bbox 1321 2225 1325 2233; x_wconf 44' lang='grc' dir='ltr'><em>ι</em></span> 
     </span>
     <span class='ocr_line' id='line_1_19' title="bbox 225 2259 1261 2347; baseline 0.011 -28"><span class='ocrx_word' id='word_1_141' title='bbox 225 2259 352 2336; x_wconf 81' lang='lat' dir='ltr'><strong>tedeme,</strong></span> <span class='ocrx_word' id='word_1_142' title='bbox 378 2260 432 2343; x_wconf 89' lang='lat' dir='ltr'><strong>qui</strong></span> <span class='ocrx_word' id='word_1_143' title='bbox 448 2260 519 2325; x_wconf 86' lang='lat' dir='ltr'><strong>hinc</strong></span> <span class='ocrx_word' id='word_1_144' title='bbox 535 2260 640 2324; x_wconf 88' lang='lat' dir='ltr'><strong>locum</strong></span> <span class='ocrx_word' id='word_1_145' title='bbox 656 2260 866 2345; x_wconf 82' lang='lat' dir='ltr'><strong>redintegrat:</strong></span> <span class='ocrx_word' id='word_1_146' title='bbox 884 2282 957 2328; x_wconf 87' lang='lat' dir='ltr'><strong>nam</strong></span> <span class='ocrx_word' id='word_1_147' title='bbox 978 2264 1017 2347; x_wconf 83' lang='lat' dir='ltr'><strong>rfl</strong></span> <span class='ocrx_word' id='word_1_148' title='bbox 1031 2266 1198 2346; x_wconf 86' lang='lat' dir='ltr'><strong>praecipua</strong></span> <span class='ocrx_word' id='word_1_149' title='bbox 1211 2280 1261 2329; x_wconf 83' lang='lat' dir='ltr'><strong>cu·</strong></span> 
     </span>
     <span class='ocr_line' id='line_1_20' title="bbox 222 2341 1261 2433; baseline 0.009 -28"><span class='ocrx_word' id='word_1_150' title='bbox 222 2341 351 2430; x_wconf 84' lang='lat' dir='ltr'><strong>neisfiffa</strong></span> <span class='ocrx_word' id='word_1_151' title='bbox 366 2349 433 2411; x_wconf 86' lang='lat' dir='ltr'><strong>oica</strong></span> <span class='ocrx_word' id='word_1_152' title='bbox 449 2350 532 2430; x_wconf 84' lang='lat' dir='ltr'><strong>iugo.</strong></span> <span class='ocrx_word' id='word_1_153' title='bbox 579 2346 656 2411; x_wconf 85' lang='lat' dir='ltr'><strong>Tam</strong></span> <span class='ocrx_word' id='word_1_154' title='bbox 676 2342 804 2433; x_wconf 83' lang='lat' dir='ltr'><strong>quercus</strong></span> <span class='ocrx_word' id='word_1_155' title='bbox 817 2358 879 2414; x_wconf 91' lang='lat' dir='ltr'><strong>etc.</strong></span> <span class='ocrx_word' id='word_1_156' title='bbox 901 2348 939 2412; x_wconf 91' lang='lat' dir='ltr'><strong>In</strong></span> <span class='ocrx_word' id='word_1_157' title='bbox 961 2368 1022 2431; x_wconf 91' lang='lat' dir='ltr'><strong>qua</strong></span> <span class='ocrx_word' id='word_1_158' title='bbox 1041 2352 1261 2414; x_wconf 83' lang='lat' dir='ltr'><strong>emendatione</strong></span> 
     </span>
     <span class='ocr_line' id='line_1_21' title="bbox 221 2430 1259 2518; baseline 0.009 -27"><span class='ocrx_word' id='word_1_159' title='bbox 221 2430 408 2512; x_wconf 83' lang='lat' dir='ltr'><strong>probauerim</strong></span> <span class='ocrx_word' id='word_1_160' title='bbox 423 2434 589 2517; x_wconf 78' lang='lat' dir='ltr'><strong>praecipue</strong></span> <span class='ocrx_word' id='word_1_161' title='bbox 601 2433 697 2508; x_wconf 88' lang='lat' dir='ltr'><strong>illud,</strong></span> <span class='ocrx_word' id='word_1_162' title='bbox 717 2435 802 2517; x_wconf 89' lang='lat' dir='ltr'><strong>quod</strong></span> <span class='ocrx_word' id='word_1_163' title='bbox 817 2434 860 2499; x_wconf 86' lang='lat' dir='ltr'><strong>ita</strong></span> <span class='ocrx_word' id='word_1_164' title='bbox 880 2434 1032 2499; x_wconf 89' lang='lat' dir='ltr'><strong>secundus</strong></span> <span class='ocrx_word' id='word_1_165' title='bbox 1053 2431 1143 2497; x_wconf 87' lang='lat' dir='ltr'><strong>iocus</strong></span> <span class='ocrx_word' id='word_1_166' title='bbox 1168 2455 1259 2518; x_wconf 89' lang='lat' dir='ltr'><strong>appa-</strong></span> 
     </span>
     <span class='ocr_line' id='line_1_22' title="bbox 221 2518 1261 2603; baseline 0 -26"><span class='ocrx_word' id='word_1_167' title='bbox 221 2526 276 2591; x_wconf 88' lang='lat' dir='ltr'><strong>ret;</strong></span> <span class='ocrx_word' id='word_1_168' title='bbox 295 2530 408 2581; x_wconf 90' lang='lat' dir='ltr'><strong>contra</strong></span> <span class='ocrx_word' id='word_1_169' title='bbox 420 2518 581 2601; x_wconf 83' lang='lat' dir='ltr'><strong>improbo,</strong></span> <span class='ocrx_word' id='word_1_170' title='bbox 595 2520 678 2601; x_wconf 92' lang='lat' dir='ltr'><strong>qnod</strong></span> <span class='ocrx_word' id='word_1_171' title='bbox 691 2521 798 2603; x_wconf 83' lang='lat' dir='ltr'><strong>iugum</strong></span> <span class='ocrx_word' id='word_1_172' title='bbox 815 2520 1022 2597; x_wconf 83' lang='lat' dir='ltr'><strong>immiscetur,</strong></span> <span class='ocrx_word' id='word_1_173' title='bbox 1039 2520 1091 2583; x_wconf 92' lang='lat' dir='ltr'><strong>vbi</strong></span> <span class='ocrx_word' id='word_1_174' title='bbox 1115 2520 1154 2583; x_wconf 92' lang='lat' dir='ltr'><strong>de</strong></span> <span class='ocrx_word' id='word_1_175' title='bbox 1170 2522 1261 2600; x_wconf 84' lang='lat' dir='ltr'><strong>peda.</strong></span> 
     </span>
     <span class='ocr_line' id='line_1_23' title="bbox 220 2602 1262 2689; baseline 0.008 -28"><span class='ocrx_word' id='word_1_176' title='bbox 220 2602 305 2678; x_wconf 89' lang='lat' dir='ltr'><strong>mine,</strong></span> <span class='ocrx_word' id='word_1_177' title='bbox 319 2604 421 2667; x_wconf 83' lang='lat' dir='ltr'><strong>ridica</strong></span> <span class='ocrx_word' id='word_1_178' title='bbox 434 2616 467 2669; x_wconf 88' lang='lat' dir='ltr'><strong>et</strong></span> <span class='ocrx_word' id='word_1_179' title='bbox 478 2606 549 2689; x_wconf 83' lang='lat' dir='ltr'><strong>palo</strong></span> <span class='ocrx_word' id='word_1_180' title='bbox 565 2602 664 2667; x_wconf 88' lang='lat' dir='ltr'><strong>sermo</strong></span> <span class='ocrx_word' id='word_1_181' title='bbox 679 2605 733 2670; x_wconf 89' lang='lat' dir='ltr'><strong>est.</strong></span> <span class='ocrx_word' id='word_1_182' title='bbox 775 2605 825 2669; x_wconf 89' lang='lat' dir='ltr'><strong>De</strong></span> <span class='ocrx_word' id='word_1_183' title='bbox 841 2606 917 2689; x_wconf 85' lang='lat' dir='ltr'><strong>iugo</strong></span> <span class='ocrx_word' id='word_1_184' title='bbox 934 2608 1060 2669; x_wconf 87' lang='lat' dir='ltr'><strong>demum</strong></span> <span class='ocrx_word' id='word_1_185' title='bbox 1080 2602 1153 2671; x_wconf 69' lang='lat' dir='ltr'><strong>seit.</strong></span> <span class='ocrx_word' id='word_1_186' title='bbox 1168 2622 1197 2669; x_wconf 86' lang='lat'><strong>2.</strong></span> <span class='ocrx_word' id='word_1_187' title='bbox 1216 2606 1262 2669; x_wconf 89' lang='lat' dir='ltr'><strong>in·</strong></span> 
     </span>
     <span class='ocr_line' id='line_1_24' title="bbox 219 2688 1263 2774; baseline 0.006 -25"><span class='ocrx_word' id='word_1_188' title='bbox 219 2688 286 2771; x_wconf 89' lang='lat' dir='ltr'><strong>cipit</strong></span> <span class='ocrx_word' id='word_1_189' title='bbox 299 2692 434 2754; x_wconf 88' lang='lat' dir='ltr'><strong>tradere.</strong></span> <span class='ocrx_word' id='word_1_190' title='bbox 478 2690 511 2755; x_wconf 90' lang='lat' dir='ltr'><strong>Si</strong></span> <span class='ocrx_word' id='word_1_191' title='bbox 524 2690 629 2773; x_wconf 81' lang='lat' dir='ltr'><strong>airaga</strong></span> <span class='ocrx_word' id='word_1_192' title='bbox 642 2690 713 2753; x_wconf 86' lang='lat' dir='ltr'><strong>aiibi</strong></span> <span class='ocrx_word' id='word_1_193' title='bbox 730 2690 879 2763; x_wconf 82' lang='lat' dir='ltr'><strong>exstaret,</strong></span> <span class='ocrx_word' id='word_1_194' title='bbox 909 2692 1004 2774; x_wconf 83' lang='lat' dir='ltr'><strong>(vnde</strong></span> <span class='ocrx_word' id='word_1_195' title='bbox 1027 2703 1131 2756; x_wconf 87' lang='lat' dir='ltr'><strong>tamen</strong></span> <span class='ocrx_word' id='word_1_196' title='bbox 1150 2692 1263 2773; x_wconf 81' lang='lat' dir='ltr'><strong>oleagi-</strong></span> 
     </span>
     <span class='ocr_line' id='line_1_25' title="bbox 219 2774 1262 2862; baseline 0.009 -28"><span class='ocrx_word' id='word_1_197' title='bbox 219 2774 874 2861; x_wconf 72' lang='lat' dir='ltr'><strong>nasttotraginrusdetinenturtprobarem</strong></span> <span class='ocrx_word' id='word_1_198' title='bbox 886 2776 1262 2862; x_wconf 78' lang='lat' dir='ltr'><strong>sangermlibrioteago:</strong></span> 
     </span>
     <span class='ocr_line' id='line_1_26' title="bbox 219 2868 1009 2934; baseline 0.009 -7"><span class='ocrx_word' id='word_1_199' title='bbox 219 2868 277 2922; x_wconf 79' lang='lat' dir='ltr'><strong>tum</strong></span> <span class='ocrx_word' id='word_1_200' title='bbox 308 2882 430 2929; x_wconf 73' lang='lat' dir='ltr'><strong>maur.</strong></span> <span class='ocrx_word' id='word_1_201' title='bbox 1006 2928 1009 2934; x_wconf 87' lang='lat'><strong>.</strong></span> 
     </span>
    </p>

    <p class='ocr_par' dir='ltr' id='par_1_8' title="bbox 216 2880 1315 3195">
     <span class='ocr_line' id='line_1_27' title="bbox 289 2880 1262 3031; baseline -0.001 -19"><span class='ocrx_word' id='word_1_202' title='bbox 289 2880 328 3013; x_wconf 65' lang='lat' dir='ltr'><strong>P.</strong></span> <span class='ocrx_word' id='word_1_203' title='bbox 353 2963 428 3031; x_wconf 77' lang='lat'><strong>219.</strong></span> <span class='ocrx_word' id='word_1_204' title='bbox 448 2944 524 3031; x_wconf 87' lang='lat' dir='ltr'><strong>Cap.</strong></span> <span class='ocrx_word' id='word_1_205' title='bbox 543 2942 649 3013; x_wconf 87' lang='lat' dir='ltr'><strong>XXV.</strong></span> <span class='ocrx_word' id='word_1_206' title='bbox 674 2944 748 3012; x_wconf 70' lang='lat' dir='ltr'><strong>sedi.</strong></span> <span class='ocrx_word' id='word_1_207' title='bbox 770 2968 797 3013; x_wconf 87' lang='lat'><strong>1.</strong></span> <span class='ocrx_word' id='word_1_208' title='bbox 825 2946 1023 3031; x_wconf 74' lang='lat' dir='ltr'><strong>dedolandae]</strong></span> <span class='ocrx_word' id='word_1_209' title='bbox 1052 2948 1085 3010; x_wconf 89' lang='lat' dir='ltr'><strong>in</strong></span> <span class='ocrx_word' id='word_1_210' title='bbox 1105 2947 1160 3011; x_wconf 95' lang='lat' dir='ltr'><strong>suo</strong></span> <span class='ocrx_word' id='word_1_211' title='bbox 1180 2947 1262 3015; x_wconf 84' lang='lat' dir='ltr'><strong>libro</strong></span> 
     </span>
     <span class='ocr_line' id='line_1_28' title="bbox 216 3028 1315 3119; baseline 0.004 -26"><span class='ocrx_word' id='word_1_212' title='bbox 216 3028 406 3099; x_wconf 81' lang='lat' dir='ltr'><strong>dimouendae</strong></span> <span class='ocrx_word' id='word_1_213' title='bbox 420 3034 537 3117; x_wconf 89' lang='lat' dir='ltr'><strong>reperit</strong></span> <span class='ocrx_word' id='word_1_214' title='bbox 551 3036 744 3117; x_wconf 80' lang='lat' dir='ltr'><strong>Pontedera3</strong></span> <span class='ocrx_word' id='word_1_215' title='bbox 767 3035 916 3119; x_wconf 87' lang='lat' dir='ltr'><strong>deinceps</strong></span> <span class='ocrx_word' id='word_1_216' title='bbox 929 3037 1085 3101; x_wconf 79' lang='lat' dir='ltr'><strong>ceritatem</strong></span> <span class='ocrx_word' id='word_1_217' title='bbox 1102 3054 1175 3098; x_wconf 88' lang='lat' dir='ltr'><strong>cum</strong></span> <span class='ocrx_word' id='word_1_218' title='bbox 1202 3034 1261 3100; x_wconf 83' lang='lat' dir='ltr'><strong>Po·</strong></span> <span class='ocrx_word' id='word_1_219' title='bbox 1309 3061 1315 3077; x_wconf 74' lang='lat'>=</span> 
     </span>
     <span class='ocr_line' id='line_1_29' title="bbox 217 3116 570 3195; baseline 0 -16"><span class='ocrx_word' id='word_1_220' title='bbox 217 3116 257 3183; x_wconf 76' lang='lat' dir='ltr'><strong>in.</strong></span> <span class='ocrx_word' id='word_1_221' title='bbox 267 3120 347 3185; x_wconf 82' lang='lat' dir='ltr'><strong>liber</strong></span> <span class='ocrx_word' id='word_1_222' title='bbox 365 3120 570 3195; x_wconf 74' lang='lat' dir='ltr'><strong>Pontederae.</strong></span> 
     </span>
    </p>

    <p class='ocr_par' dir='ltr' id='par_1_9' title="bbox 216 3198 1326 3633">
     <span class='ocr_line' id='line_1_30' title="bbox 292 3198 1326 3291; baseline -0.004 -18"><span class='ocrx_word' id='word_1_223' title='bbox 292 3208 327 3273; x_wconf 85' lang='lat' dir='ltr'><strong>P.</strong></span> <span class='ocrx_word' id='word_1_224' title='bbox 351 3220 428 3287; x_wconf 83' lang='lat'><strong>225.</strong></span> <span class='ocrx_word' id='word_1_225' title='bbox 457 3204 533 3289; x_wconf 89' lang='lat' dir='ltr'><strong>Cap.</strong></span> <span class='ocrx_word' id='word_1_226' title='bbox 552 3202 670 3271; x_wconf 90' lang='lat' dir='ltr'><strong>XXIX.</strong></span> <span class='ocrx_word' id='word_1_227' title='bbox 700 3204 772 3273; x_wconf 74' lang='lat' dir='ltr'><strong>sest.</strong></span> <span class='ocrx_word' id='word_1_228' title='bbox 791 3223 822 3287; x_wconf 80' lang='lat'><strong>7.</strong></span> <span class='ocrx_word' id='word_1_229' title='bbox 849 3200 993 3290; x_wconf 82' lang='lat' dir='ltr'><strong>inseritur</strong></span> <span class='ocrx_word' id='word_1_230' title='bbox 1011 3204 1084 3267; x_wconf 83' lang='lat' dir='ltr'><strong>vitia</strong></span> <span class='ocrx_word' id='word_1_231' title='bbox 1105 3205 1152 3268; x_wconf 82' lang='lat' dir='ltr'><strong>vet</strong></span> <span class='ocrx_word' id='word_1_232' title='bbox 1169 3198 1265 3285; x_wconf 68' lang='lat' dir='ltr'><strong>recisa</strong></span> <span class='ocrx_word' id='word_1_233' title='bbox 1291 3276 1326 3291; x_wconf 23' lang='grc' dir='ltr'><strong>,ιι</strong></span> 
     </span>
     <span class='ocr_line' id='line_1_31' title="bbox 217 3284 1264 3377; baseline 0.003 -26"><span class='ocrx_word' id='word_1_234' title='bbox 217 3290 257 3352; x_wconf 83' lang='lat' dir='ltr'><strong>aas</strong></span> <span class='ocrx_word' id='word_1_235' title='bbox 270 3293 398 3377; x_wconf 78' lang='lat' dir='ltr'><strong>integra</strong></span> <span class='ocrx_word' id='word_1_236' title='bbox 408 3284 573 3374; x_wconf 73' lang='lat' dir='ltr'><strong>perforata</strong></span> <span class='ocrx_word' id='word_1_237' title='bbox 588 3291 719 3357; x_wconf 83' lang='lat' dir='ltr'><strong>terebra.</strong></span> <span class='ocrx_word' id='word_1_238' title='bbox 761 3290 824 3357; x_wconf 89' lang='lat' dir='ltr'><strong>Hic</strong></span> <span class='ocrx_word' id='word_1_239' title='bbox 836 3295 949 3355; x_wconf 89' lang='lat' dir='ltr'><strong>modus</strong></span> <span class='ocrx_word' id='word_1_240' title='bbox 962 3289 1047 3357; x_wconf 87' lang='lat' dir='ltr'><strong>Italis</strong></span> <span class='ocrx_word' id='word_1_241' title='bbox 1062 3309 1083 3351; x_wconf 91' lang='lat' dir='ltr'><strong>a</strong></span> <span class='ocrx_word' id='word_1_242' title='bbox 1094 3287 1264 3371; x_wconf 77' lang='lat' dir='ltr'><strong>sucrbielio,</strong></span> 
     </span>
     <span class='ocr_line' id='line_1_32' title="bbox 216 3371 1263 3461; baseline 0 -24"><span class='ocrx_word' id='word_1_243' title='bbox 216 3372 395 3443; x_wconf 85' lang='lat' dir='ltr'><strong>Lornbardis</strong></span> <span class='ocrx_word' id='word_1_244' title='bbox 410 3378 546 3453; x_wconf 73' lang='lat' dir='ltr'><strong>trivetto,</strong></span> <span class='ocrx_word' id='word_1_245' title='bbox 565 3378 620 3441; x_wconf 83' lang='lat' dir='ltr'><strong>itte</strong></span> <span class='ocrx_word' id='word_1_246' title='bbox 635 3378 722 3443; x_wconf 87' lang='lat' dir='ltr'><strong>Italis</strong></span> <span class='ocrx_word' id='word_1_247' title='bbox 737 3375 954 3461; x_wconf 82' lang='lat' dir='ltr'><strong>aspaacatura</strong></span> <span class='ocrx_word' id='word_1_248' title='bbox 973 3388 1005 3439; x_wconf 90' lang='lat' dir='ltr'><strong>et</strong></span> <span class='ocrx_word' id='word_1_249' title='bbox 1026 3395 1047 3437; x_wconf 88' lang='lat' dir='ltr'><strong>a</strong></span> <span class='ocrx_word' id='word_1_250' title='bbox 1062 3371 1150 3458; x_wconf 67' lang='lat' dir='ltr'><strong>festo,</strong></span> <span class='ocrx_word' id='word_1_251' title='bbox 1169 3375 1263 3441; x_wconf 84' lang='lat' dir='ltr'><strong>Lom-</strong></span> 
     </span>
     <span class='ocr_line' id='line_1_33' title="bbox 217 3456 1263 3548; baseline 0.005 -26"><span class='ocrx_word' id='word_1_252' title='bbox 217 3460 310 3527; x_wconf 86' lang='lat' dir='ltr'><strong>bardis</strong></span> <span class='ocrx_word' id='word_1_253' title='bbox 334 3484 357 3528; x_wconf 87' lang='lat' dir='ltr'><strong>a</strong></span> <span class='ocrx_word' id='word_1_254' title='bbox 378 3462 511 3547; x_wconf 80' lang='lat' dir='ltr'><strong>mignoio</strong></span> <span class='ocrx_word' id='word_1_255' title='bbox 526 3478 665 3547; x_wconf 85' lang='lat' dir='ltr'><strong>vocatur,</strong></span> <span class='ocrx_word' id='word_1_256' title='bbox 684 3464 761 3531; x_wconf 86' lang='lat' dir='ltr'><strong>teste</strong></span> <span class='ocrx_word' id='word_1_257' title='bbox 776 3462 900 3548; x_wconf 85' lang='lat' dir='ltr'><strong>Comite</strong></span> <span class='ocrx_word' id='word_1_258' title='bbox 913 3456 958 3526; x_wconf 79' lang='lat' dir='ltr'><strong>da’</strong></span> <span class='ocrx_word' id='word_1_259' title='bbox 977 3459 1124 3528; x_wconf 82' lang='lat' dir='ltr'><strong>Caronetii</strong></span> <span class='ocrx_word' id='word_1_260' title='bbox 1137 3462 1177 3525; x_wconf 89' lang='lat' dir='ltr'><strong>de</strong></span> <span class='ocrx_word' id='word_1_261' title='bbox 1192 3459 1263 3539; x_wconf 74' lang='lat' dir='ltr'><strong>Cal·</strong></span> 
     </span>
     <span class='ocr_line' id='line_1_34' title="bbox 218 3547 551 3633; baseline 0.015 -24"><span class='ocrx_word' id='word_1_262' title='bbox 218 3560 251 3609; x_wconf 87' lang='lat' dir='ltr'><strong>tu</strong></span> <span class='ocrx_word' id='word_1_263' title='bbox 264 3547 435 3615; x_wconf 80' lang='lat' dir='ltr'><strong>Vinearum</strong></span> <span class='ocrx_word' id='word_1_264' title='bbox 453 3568 484 3633; x_wconf 92' lang='lat' dir='ltr'><strong>p.</strong></span> <span class='ocrx_word' id='word_1_265' title='bbox 499 3566 551 3631; x_wconf 82' lang='lat'><strong>70.</strong></span> 
     </span>
    </p>

    <p class='ocr_par' dir='ltr' id='par_1_10' title="bbox 209 3628 1266 4061">
     <span class='ocr_line' id='line_1_35' title="bbox 294 3628 1263 3785; baseline -0.004 -86"><span class='ocrx_word' id='word_1_266' title='bbox 294 3636 325 3701; x_wconf 87' lang='lat' dir='ltr'><strong>P.</strong></span> <span class='ocrx_word' id='word_1_267' title='bbox 349 3650 426 3719; x_wconf 81' lang='lat'><strong>2²5·</strong></span> <span class='ocrx_word' id='word_1_268' title='bbox 446 3631 517 3698; x_wconf 73' lang='lat' dir='ltr'><strong>sest.</strong></span> <span class='ocrx_word' id='word_1_269' title='bbox 531 3642 561 3711; x_wconf 88' lang='lat'><strong>8.</strong></span> <span class='ocrx_word' id='word_1_270' title='bbox 582 3654 642 3699; x_wconf 84' lang='lat' dir='ltr'><strong>naa</strong></span> <span class='ocrx_word' id='word_1_271' title='bbox 657 3632 821 3785; x_wconf 50' lang='lat' dir='ltr'><strong>aspmitis:</strong></span> <span class='ocrx_word' id='word_1_272' title='bbox 843 3632 882 3719; x_wconf 71' lang='lat' dir='ltr'><strong>esi</strong></span> <span class='ocrx_word' id='word_1_273' title='bbox 899 3640 1137 3717; x_wconf 76' lang='lat' dir='ltr'><strong>purgamentum</strong></span> <span class='ocrx_word' id='word_1_274' title='bbox 1150 3628 1263 3695; x_wconf 65' lang='lat' dir='ltr'><strong>miens</strong></span> 
     </span>
     <span class='ocr_line' id='line_1_36' title="bbox 211 3716 1263 3805; baseline -0.008 -19"><span class='ocrx_word' id='word_1_275' title='bbox 211 3716 409 3805; x_wconf 75' lang='lat' dir='ltr'><strong>adfiffuram</strong></span> <span class='ocrx_word' id='word_1_276' title='bbox 425 3720 515 3787; x_wconf 90' lang='lat' dir='ltr'><strong>Polit.</strong></span> <span class='ocrx_word' id='word_1_277' title='bbox 530 3720 660 3787; x_wconf 85' lang='lat' dir='ltr'><strong>Tromb.</strong></span> <span class='ocrx_word' id='word_1_278' title='bbox 697 3722 779 3805; x_wconf 71' lang='lat' dir='ltr'><strong>&#39;ang.</strong></span> <span class='ocrx_word' id='word_1_279' title='bbox 797 3717 939 3805; x_wconf 74' lang='lat' dir='ltr'><strong>aiafimitis</strong></span> <span class='ocrx_word' id='word_1_280' title='bbox 958 3731 1196 3801; x_wconf 78' lang='lat' dir='ltr'><strong>purgamentum</strong></span> <span class='ocrx_word' id='word_1_281' title='bbox 1209 3716 1263 3780; x_wconf 79' lang='lat' dir='ltr'><strong>iia-</strong></span> 
     </span>
     <span class='ocr_line' id='line_1_37' title="bbox 211 3802 1266 3895; baseline 0 -29"><span class='ocrx_word' id='word_1_282' title='bbox 211 3806 279 3871; x_wconf 76' lang='lat' dir='ltr'><strong>trans</strong></span> <span class='ocrx_word' id='word_1_283' title='bbox 297 3802 499 3895; x_wconf 81' lang='lat' dir='ltr'><strong>adfiffuram</strong></span> <span class='ocrx_word' id='word_1_284' title='bbox 514 3806 623 3870; x_wconf 82' lang='lat' dir='ltr'><strong>Ambr.</strong></span> <span class='ocrx_word' id='word_1_285' title='bbox 642 3806 782 3891; x_wconf 78' lang='lat' dir='ltr'><strong>asrssmitis</strong></span> <span class='ocrx_word' id='word_1_286' title='bbox 794 3805 837 3891; x_wconf 81' lang='lat' dir='ltr'><strong>fit</strong></span> <span class='ocrx_word' id='word_1_287' title='bbox 856 3814 1065 3889; x_wconf 80' lang='lat' dir='ltr'><strong>coagmentum</strong></span> <span class='ocrx_word' id='word_1_288' title='bbox 1086 3802 1199 3869; x_wconf 73' lang='lat' dir='ltr'><strong>trabem</strong></span> <span class='ocrx_word' id='word_1_289' title='bbox 1221 3803 1266 3866; x_wconf 85' lang='lat' dir='ltr'><strong>ad</strong></span> 
     </span>
     <span class='ocr_line' id='line_1_38' title="bbox 209 3885 1265 3979; baseline -0.004 -24"><span class='ocrx_word' id='word_1_290' title='bbox 209 3890 354 3975; x_wconf 75' lang='lat' dir='ltr'><strong>fiſjuram.</strong></span> <span class='ocrx_word' id='word_1_291' title='bbox 364 3892 490 3959; x_wconf 88' lang='lat' dir='ltr'><strong>Caesen.</strong></span> <span class='ocrx_word' id='word_1_292' title='bbox 503 3890 691 3979; x_wconf 78' lang='lat' dir='ltr'><strong>abfimitisflt</strong></span> <span class='ocrx_word' id='word_1_293' title='bbox 701 3903 937 3977; x_wconf 79' lang='lat' dir='ltr'><strong>purgamentum</strong></span> <span class='ocrx_word' id='word_1_294' title='bbox 951 3890 1062 3955; x_wconf 74' lang='lat' dir='ltr'><strong>taem</strong></span> <span class='ocrx_word' id='word_1_295' title='bbox 1075 3885 1265 3974; x_wconf 79' lang='lat' dir='ltr'><strong>adfiffuram</strong></span> 
     </span>
     <span class='ocr_line' id='line_1_39' title="bbox 213 3978 1163 4061; baseline -0.006 -20"><span class='ocrx_word' id='word_1_296' title='bbox 213 3978 243 4041; x_wconf 79' lang='lat' dir='ltr'><strong>in</strong></span> <span class='ocrx_word' id='word_1_297' title='bbox 263 3980 314 4043; x_wconf 90' lang='lat' dir='ltr'><strong>suo</strong></span> <span class='ocrx_word' id='word_1_298' title='bbox 332 3978 510 4043; x_wconf 85' lang='lat' dir='ltr'><strong>Pontedera</strong></span> <span class='ocrx_word' id='word_1_299' title='bbox 521 3980 620 4059; x_wconf 79' lang='lat' dir='ltr'><strong>legit,</strong></span> <span class='ocrx_word' id='word_1_300' title='bbox 640 3980 693 4061; x_wconf 85' lang='lat' dir='ltr'><strong>qui</strong></span> <span class='ocrx_word' id='word_1_301' title='bbox 710 3979 834 4043; x_wconf 87' lang='lat' dir='ltr'><strong>Caesen.</strong></span> <span class='ocrx_word' id='word_1_302' title='bbox 851 3978 1031 4060; x_wconf 77' lang='lat' dir='ltr'><strong>scripturam</strong></span> <span class='ocrx_word' id='word_1_303' title='bbox 1046 3978 1163 4057; x_wconf 87' lang='lat' dir='ltr'><strong>probat.</strong></span> 
     </span>
    </p>
   </div>
   <div class='ocr_carea' id='block_1_8' title="bbox 209 4078 1295 4411">
    <p class='ocr_par' dir='ltr' id='par_1_11' title="bbox 209 4078 1295 4411">
     <span class='ocr_line' id='line_1_40' title="bbox 293 4078 1278 4164; baseline -0.01 -15"><span class='ocrx_word' id='word_1_304' title='bbox 293 4085 326 4149; x_wconf 87' lang='lat' dir='ltr'><strong>P.</strong></span> <span class='ocrx_word' id='word_1_305' title='bbox 350 4082 429 4151; x_wconf 82' lang='lat'><strong>226.</strong></span> <span class='ocrx_word' id='word_1_306' title='bbox 447 4080 523 4147; x_wconf 73' lang='lat' dir='ltr'><strong>sest.</strong></span> <span class='ocrx_word' id='word_1_307' title='bbox 548 4104 596 4149; x_wconf 80' lang='grc' dir='ltr'><strong>ιι.</strong></span> <span class='ocrx_word' id='word_1_308' title='bbox 624 4084 644 4147; x_wconf 86' lang='lat' dir='ltr'><strong>l.</strong></span> <span class='ocrx_word' id='word_1_309' title='bbox 665 4098 804 4148; x_wconf 75' lang='lat' dir='ltr'><strong>extrema</strong></span> <span class='ocrx_word' id='word_1_310' title='bbox 814 4078 1011 4164; x_wconf 78' lang='lat' dir='ltr'><strong>suienittirnr</strong></span> <span class='ocrx_word' id='word_1_311' title='bbox 1032 4082 1063 4143; x_wconf 91' lang='lat' dir='ltr'><strong>in</strong></span> <span class='ocrx_word' id='word_1_312' title='bbox 1079 4079 1278 4162; x_wconf 76' lang='lat' dir='ltr'><strong>propagines.</strong></span> 
     </span>
     <span class='ocr_line' id='line_1_41' title="bbox 209 4162 1295 4255; baseline -0.006 -23"><span class='ocrx_word' id='word_1_313' title='bbox 209 4171 361 4237; x_wconf 75' lang='lat' dir='ltr'><strong>niumm.</strong></span> <span class='ocrx_word' id='word_1_314' title='bbox 392 4170 526 4255; x_wconf 80' lang='lat' dir='ltr'><strong>corrigit</strong></span> <span class='ocrx_word' id='word_1_315' title='bbox 547 4171 733 4245; x_wconf 84' lang='lat' dir='ltr'><strong>Pontedera,</strong></span> <span class='ocrx_word' id='word_1_316' title='bbox 763 4184 797 4233; x_wconf 88' lang='lat' dir='ltr'><strong>ut</strong></span> <span class='ocrx_word' id='word_1_317' title='bbox 817 4187 907 4233; x_wconf 81' lang='lat' dir='ltr'><strong>antea</strong></span> <span class='ocrx_word' id='word_1_318' title='bbox 929 4173 1053 4232; x_wconf 84' lang='lat' dir='ltr'><strong>iecerat.</strong></span> <span class='ocrx_word' id='word_1_319' title='bbox 1095 4162 1266 4245; x_wconf 84' lang='lat' dir='ltr'><strong>Sequentia</strong></span> <span class='ocrx_word' id='word_1_320' title='bbox 1291 4206 1295 4215; x_wconf 82' lang='lat'>-</span> 
     </span>
     <span class='ocr_line' id='line_1_42' title="bbox 209 4249 1265 4340; baseline -0.008 -21"><span class='ocrx_word' id='word_1_321' title='bbox 209 4260 247 4319; x_wconf 83' lang='lat' dir='ltr'><strong>ica</strong></span> <span class='ocrx_word' id='word_1_322' title='bbox 260 4280 300 4321; x_wconf 78' lang='lat' dir='ltr'><strong>ex</strong></span> <span class='ocrx_word' id='word_1_323' title='bbox 313 4257 439 4321; x_wconf 88' lang='lat' dir='ltr'><strong>Codice</strong></span> <span class='ocrx_word' id='word_1_324' title='bbox 454 4255 509 4319; x_wconf 89' lang='lat' dir='ltr'><strong>suo</strong></span> <span class='ocrx_word' id='word_1_325' title='bbox 523 4254 645 4323; x_wconf 83' lang='lat' dir='ltr'><strong>scribit:</strong></span> <span class='ocrx_word' id='word_1_326' title='bbox 667 4254 793 4323; x_wconf 85' lang='lat' dir='ltr'><strong>Vinitor</strong></span> <span class='ocrx_word' id='word_1_327' title='bbox 806 4276 929 4321; x_wconf 87' lang='lat' dir='ltr'><strong>manum</strong></span> <span class='ocrx_word' id='word_1_328' title='bbox 936 4250 1039 4318; x_wconf 81' lang='lat' dir='ltr'><strong>deinde</strong></span> <span class='ocrx_word' id='word_1_329' title='bbox 1054 4249 1187 4340; x_wconf 73' lang='lat' dir='ltr'><strong>maturis</strong></span> <span class='ocrx_word' id='word_1_330' title='bbox 1198 4253 1265 4335; x_wconf 83' lang='lat' dir='ltr'><strong>pas·</strong></span> 
     </span>
     <span class='ocr_line' id='line_1_43' title="bbox 209 4342 988 4411; baseline -0.015 -2"><span class='ocrx_word' id='word_1_331' title='bbox 209 4345 333 4411; x_wconf 79' lang='lat' dir='ltr'><strong>mitibus</strong></span> <span class='ocrx_word' id='word_1_332' title='bbox 346 4342 503 4409; x_wconf 76' lang='lat' dir='ltr'><strong>adimunt.</strong></span> <span class='ocrx_word' id='word_1_333' title='bbox 985 4366 988 4370; x_wconf 93' lang='lat'>·</span> 
     </span>
    </p>
   </div>
   <div class='ocr_carea' id='block_1_9' title="bbox 294 4451 1264 4529">
    <p class='ocr_par' dir='ltr' id='par_1_12' title="bbox 294 4451 1264 4529">
     <span class='ocr_line' id='line_1_44' title="bbox 294 4451 1264 4529; baseline -0.022 0"><span class='ocrx_word' id='word_1_334' title='bbox 294 4458 410 4529; x_wconf 68' lang='lat' dir='ltr'><strong>CIV.</strong></span> <span class='ocrx_word' id='word_1_335' title='bbox 431 4455 550 4527; x_wconf 65' lang='lat' dir='ltr'><strong>aret.</strong></span> <span class='ocrx_word' id='word_1_336' title='bbox 758 4490 762 4495; x_wconf 95' lang='lat'>·</span> <span class='ocrx_word' id='word_1_337' title='bbox 799 4454 831 4523; x_wconf 87' lang='lat' dir='ltr'>D</span> <span class='ocrx_word' id='word_1_338' title='bbox 1134 4451 1169 4517; x_wconf 93' lang='lat' dir='ltr'><strong>P.</strong></span> <span class='ocrx_word' id='word_1_339' title='bbox 1193 4466 1264 4519; x_wconf 75' lang='lat' dir='ltr'><strong>aar.</strong></span> 
     </span>
    </p>
   </div>
   <div class='ocr_carea' id='block_1_10' title="bbox 0 0 1727 5434">
    <p class='ocr_par' dir='ltr' id='par_1_13' title="bbox 0 0 1727 5434">
     <span class='ocr_line' id='line_1_45' title="bbox 0 0 1727 5434; baseline 0 0"><span class='ocrx_word' id='word_1_340' title='bbox 0 0 1727 5434; x_wconf 95' lang='lat' dir='ltr'><strong> </strong></span> 
     </span>
    </p>
   </div>
   <div class='ocr_carea' id='block_1_11' title="bbox 465 1712 1417 1799">
    <p class='ocr_par' dir='ltr' id='par_1_14' title="bbox 465 1712 1417 1799">
     <span class='ocr_line' id='line_1_46' title="bbox 465 1712 1417 1799; baseline 0.005 -20"><span class='ocrx_word' id='word_1_341' title='bbox 465 1712 525 1779; x_wconf 79' lang='lat' dir='ltr'><strong>en.</strong></span> <span class='ocrx_word' id='word_1_342' title='bbox 541 1733 588 1783; x_wconf 85' lang='lat' dir='ltr'><strong>ro.</strong></span> <span class='ocrx_word' id='word_1_343' title='bbox 611 1714 744 1779; x_wconf 79' lang='lat' dir='ltr'><strong>Videtur</strong></span> <span class='ocrx_word' id='word_1_344' title='bbox 762 1719 855 1781; x_wconf 86' lang='lat' dir='ltr'><strong>etiam</strong></span> <span class='ocrx_word' id='word_1_345' title='bbox 868 1714 1018 1799; x_wconf 77' lang='lat' dir='ltr'><strong>seirannus</strong></span> <span class='ocrx_word' id='word_1_346' title='bbox 1032 1736 1104 1781; x_wconf 88' lang='lat' dir='ltr'><strong>eum</strong></span> <span class='ocrx_word' id='word_1_347' title='bbox 1119 1716 1198 1781; x_wconf 84' lang='lat' dir='ltr'><strong>Edd.</strong></span> <span class='ocrx_word' id='word_1_348' title='bbox 1212 1737 1259 1799; x_wconf 87' lang='lat' dir='ltr'><strong>pr.</strong></span> <span class='ocrx_word' id='word_1_349' title='bbox 1324 1773 1329 1793; x_wconf 85' lang='lat'><em>,</em></span> <span class='ocrx_word' id='word_1_350' title='bbox 1396 1755 1417 1786; x_wconf 68' lang='grc' dir='ltr'><strong>μ</strong></span> 
     </span>
    </p>
   </div>
  </div>
 </body>
</html>
