3434 5434
397 777 401 785 Ι
490 683 513 753 6
572 681 600 754 1.
624 672 1189 752 PONTEDERAECVRAE
1210 659 1477 746 tosTthl

487 860 693 941 Pontederae
709 855 929 970 trannscripfit.
979 862 1096 958 Postea
1117 847 1283 933 Antduius
1308 859 1501 933 bouioauuiu‘

323 987 331 1011 ⁰
488 971 912 1087 (uuongtovmniy'tomm
930 988 974 1057 D.
992 991 1101 1060 Marci
1120 972 1344 1059 Bibliothecae
1363 989 1493 1058 venem

488 1109 653 1190 Codicetn
672 1139 749 1188 curn
774 1107 935 1210 Lipfienfi
960 1109 1120 1186 Editione
1148 1114 1354 1212 comparauit
1378 1113 1412 1180 in
1431 1103 1494 1182 vstn

485 1235 698 1314 Pontederae.
752 1239 881 1340 Qinto
896 1237 975 1310 loco
988 1229 1215 1310 nominandus
1229 1235 1277 1309 est
1289 1235 1396 1307 Abbas
1404 1232 1493 1307 lllbert.

484 1364 738 1451 Mandonius,
761 1355 854 1438 cuius
866 1387 969 1463 opera
991 1357 1177 1435 Pontedera
1201 1357 1366 1462 quaedam
1388 1383 1426 1434 ex
1441 1365 1495 1432 ln

470 1485 640 1563 brostana
658 1489 867 1563 Bibliotheca
888 1487 1044 1562 obtinuit.
1096 1485 1211 1573 Plura,
1227 1489 1355 1587 inquit,
1375 1479 1494 1558 obtimil

483 1595 574 1700 dem,
603 1611 666 1687 nist
689 1621 725 1687 in
748 1610 885 1688 dolosos
909 1617 1137 1686 mercenarios*
1151 1605 1347 1684 incidillem.
1394 1613 1503 1710 Deque

484 1723 557 1840 ipso
585 1745 719 1839 grauius
742 1743 958 1840 conqueritur
978 1743 1015 1810 in
1044 1735 1194 1839 Epillola
1212 1731 1256 1808 ad
1276 1734 1495 1809 Mazzoleniun

484 1860 558 1936 data
579 1867 628 1936 T.
650 1847 692 1958 li.
716 1891 750 1964 p.
781 1867 863 1954 too.
936 1865 991 1938 De
1014 1887 1057 1936 eo
1085 1857 1232 1962 denique
1257 1857 1400 1945 Codice,
1425 1887 1494 1961 quen

483 1983 582 2062 suum
602 1988 766 2088 appellat,
797 1987 916 2064 nullibi
938 1985 1092 2062 dillindlo
1109 1982 1238 2088 aliquid
1259 1981 1390 2060 tradidit
1408 1991 1495 2059 Pone

484 2107 581 2200 deta,
601 2119 753 2212 quamuis
779 2117 808 2187 io
832 2117 1008 2214 praecipue
1029 2105 1233 2197 merebatur,
1263 2131 1300 2183 vt
1320 2116 1357 2184 in
1376 2116 1495 2182 notitian

483 2239 667 2311 hominum
683 2237 862 2312 dodlorum
885 2245 1021 2312 veniret.
1072 2238 1243 2312 Haurnus
1265 2234 1307 2308 de
1327 2233 1496 2310 Pontedem

484 2367 600 2462 cupiit.
675 2357 747 2464 lpse
771 2387 877 2437 nouae
896 2359 1094 2439 contrahere
1115 2387 1186 2436 non
1207 2348 1322 2462 potui,
1354 2359 1413 2434 nifi
1431 2353 1496 2462 quod

483 2481 695 2558 aniiciffimus
723 2488 931 2587 Weigelius,
969 2494 996 2561 ir
1020 2494 1074 2561 cui
1106 2483 1377 2560 Vindoboneofir
1395 2483 1496 2559 Codicis

482 2603 657 2710 scripturas
671 2631 838 2719 excerptas
854 2609 984 2701 debeo,
1003 2617 1040 2685 in
1055 2612 1175 2688 Italico
1189 2618 1308 2684 itinere
1327 2615 1497 2712 Scriptorum

335 2797 340 2804 .
482 2735 527 2810 tt.
543 2738 584 2808 lc
597 2759 668 2808 non
682 2741 865 2810 immemor
876 2742 1006 2812 notitias
1023 2733 1191 2810 Codicum
1204 2735 1332 2837 aliquot
1353 2731 1498 2812 manusni·

482 2877 619 2959 prorum
632 2860 787 2936 colledlat
807 2858 849 2935 ad
872 2887 930 2936 me
949 2859 1128 2938 transmilir
1143 2859 1267 2947 redux,
1289 2887 1370 2963 quaa
1386 2866 1447 2936 boe
1464 2857 1496 2929 lo

484 3007 526 3054 co
543 3009 611 3056 vno
627 2989 663 3057 in
675 2984 754 3060 loon
766 2987 951 3063 collocabo.
1002 2991 1133 3061 Romae
1150 2993 1253 3086 igitur·
1270 2987 1497 3061 inbibliotbeo

482 3108 642 3204 Angelica
657 3107 808 3186 Fratrum
823 3116 855 3186 S.
874 3111 1048 3210 Augustini
1060 3107 1166 3185 ludex
1179 3117 1324 3211 capitum
1337 3115 1460 3184 Catonis
1469 3103 1498 3176 de

482 3232 526 3305 R.
542 3236 583 3307 R.
606 3217 809 3336 pleniffimus
830 3231 942 3310 seculo
962 3241 1051 3310 Xlll.
1073 3232 1209 3337 scriptus
1230 3241 1267 3309 in
1286 3231 1396 3310 forma
1415 3249 1497 3335 qoam

482 3351 639 3434 seruatur.
691 3358 821 3434 Ibidem
833 3355 938 3442 ‚etiam
950 3361 1052 3435 exstat
1066 3365 1271 3463 Scriptorum
1291 3365 1333 3438 tt.
1348 3367 1390 3436 R.
1408 3352 1497 3431 Codtt

484 3483 675 3556 chartaceus
700 3481 816 3559 seculo
836 3489 919 3573 XV,
952 3505 987 3560 vt
1010 3486 1159 3574 videtur.
1192 3488 1337 3587 eleganti
1360 3505 1495 3559 mauutt·

483 3623 611 3694 aratus,
642 3610 778 3685 mutilus
799 3610 975 3688 abluitio.
993 3627 1010 3668 ·.
1027 3613 1191 3687 Vltimam
1209 3611 1420 3686 Columellae
1434 3606 1496 3706 pugi·

366 3781 371 3790 .
483 3745 565 3800 nam
580 3745 636 3820 (ex
650 3733 738 3807 libro
752 3737 839 3828 ΧΗ.)
854 3741 994 3837 excipit:
1019 3739 1192 3814 Palladius
1201 3743 1241 3814 de
1255 3745 1299 3814 R.
1314 3742 1357 3813 R.
1370 3737 1497 3828 Dm·

483 3859 583 3951 ceptis
597 3862 645 3929 ni
655 3846 814 3948 rusticor.¹
850 3861 908 3934 Dc
922 3875 1063 3960 quotuor
1078 3866 1175 3964 rebus
1192 3870 1309 3964 quibus
1325 3858 1495 3962 agriam

249 4035 255 4056 .
344 4014 354 4035 .
483 3979 627 4080 consistit.
686 3971 824 4055 Emin'et
843 3989 899 4057 hie
925 3984 1043 4060 Codex
1065 3987 1186 4088 infigni
1205 3990 1353 4063 ledlionic
1373 3987 1493 4056 mente

483 4109 631 4206 itemque
641 4113 846 4226 argumentis
862 4107 996 4211 singulis
1011 4111 1103 4186 libris
1117 4113 1305 4214 praemissu.
1322 4150 1331 4164 ·
1347 4109 1493 4208 Specifflffl

484 4232 553 4302 boc
573 4232 632 4304 tibi
652 4233 755 4306 habe:
791 4238 830 4307 In
853 4234 1046 4312 Columella
1068 4266 1103 4340 p.
1132 4263 1212 4334 ¹4⁵·
1234 4241 1259 4315 l.
1283 4265 1314 4329 3.
1334 4233 1407 4337 poll
1421 4222 1493 4298 ved·

485 4355 641 4454 trostmar
661 4364 747 4435 omni
771 4373 911 4459 tempore
932 4360 1048 4440 lacuna
1067 4369 1213 4466 pertinet
1224 4359 1322 4468 vique
1336 4357 1375 4436 ad
1388 4347 1493 4452 eaod-

1377 4507 1408 4585 Ρ,
1429 4489 1493 4564 151.
