3434 5434
309 675 315 701 r
420 717 425 728 ¹
502 655 617 722 ¹3².
684 629 920 702 VEGETII
948 629 1037 701 ΜΒ.
1062 631 1119 700 111.
1144 633 1252 702 cat.
1276 629 1313 703 L.

501 843 618 918 gracco
635 812 776 902 inducia,
800 813 841 890 ad
854 816 1002 890 ultimum
1017 817 1180 915 malagma
1194 811 1332 888 crudum
1345 821 1480 916 imponet

470 929 665 1018 gPraeterea
697 941 911 994 atramentum
944 916 1099 993 sutorium
1114 918 1129 960 ‘¹
1143 953 1162 1004 3·
1195 919 1325 1018 gallulas
1351 925 1481 1001 minutas,

502 1047 534 1100 et
562 1025 692 1096 alumen
720 1029 828 1124 aequit
859 1022 1057 1124 ponderibus
1094 1020 1225 1096 tunsum
1259 1050 1334 1095 cum
1362 1028 1481 1118 axungia

500 1123 664 1213 miscebis,
695 1123 807 1201 addito
830 1130 963 1226 puluere
978 1130 1053 1202 mali
1069 1133 1214 1226 granati,
1245 1135 1330 1199 nitm
1347 1147 1377 1199 et
1389 1146 1482 1210 acet03

502 1257 585 1334 quae
619 1237 654 1304 in
688 1257 866 1304 commune
894 1231 1029 1306 decodla
1057 1237 1191 1316 uitium,
1228 1227 1484 1328 stadiungatur‘,

502 1333 666 1410 emendat.
740 1339 833 1408 Ficus
860 1331 962 1408 ficcae
990 1363 1068 1408 cum
1095 1331 1197 1433 sinapi
1224 1329 1373 1406 contusae
1398 1337 1482 1404 mixto

505 1460 597 1514 aceto
618 1445 839 1536 imponuntur.
897 1439 970 1513 Posl
992 1436 1080 1512 diem
1102 1445 1231 1510 tertium
1246 1434 1354 1510 soluto
1367 1435 1483 1509 medin·

505 1565 639 1628 mento,
677 1539 702 1612 st
729 1540 848 1615 tardius
869 1538 1061 1642 profecerit,
1094 1540 1209 1613 cadem
1229 1567 1305 1614 cura
1326 1559 1484 1615 renouatur.

506 1651 594 1720 Cum
608 1645 722 1720 melius
735 1647 851 1718 habere
865 1653 1025 1746 coeperit,
1051 1643 1194 1718 alecem‘
1211 1650 1345 1745 impone
1359 1641 1485 1717 articulis.

475 1752 571 1835 attii
609 1775 833 1851 opopanaccm
867 1777 943 1830 cum
975 1747 1076 1822 farina
1105 1747 1284 1822 hordeacea
1311 1752 1442 1822 codlum·
1459 1749 1485 1812 iu

508 1850 649 1930 modum
682 1847 912 1952 cataplasmatis
945 1859 1129 1953 imponunt.
1204 1854 1363 1927 Nonnulli
1383 1851 1485 1925 saban

507 1957 643 2036 sradlam
666 1961 700 2028 in
722 1983 802 2056 aqua
825 1954 1029 2058 decoquunt,
1058 1979 1090 2028 et
1105 1961 1210 2029 mixto
1232 1957 1332 2030 melle
1351 1954 1486 2036 deterunt,

425 2063 428 2073 ’
510 2081 542 2135 et
557 2067 589 2132 in
606 2085 714 2160 panno
731 2057 915 2134 inducentes
930 2059 1053 2132 curant
1113 2058 1166 2131 Ad
1182 2061 1333 2133 ultimum
1348 2061 1486 2156 malagru'a

510 2161 726 2264 eupreffinum
741 2169 924 2263 imponunt.
971 2165 1079 2234 Plures
1093 2163 1213 2237 calcem
1223 2169 1332 2236 uiuam
1346 2187 1378 2238 et
1390 2168 1487 2235 cineret

512 2295 552 2340 ex
583 2267 681 2352 melle
708 2287 741 2340 et
761 2274 838 2339 vino
863 2266 1090 2345 commiscent,
1129 2289 1162 2340 et
1183 2274 1313 2342 ozaenia
1331 2267 1488 2367 frequenter

474 2379 497 2454 '5
512 2377 694 2470 imponunt.
746 2369 798 2442 Ad
820 2369 970 2442 ultimum
992 2368 1129 2442 caullico
1149 2391 1287 2444 utuntur.
1346 2379 1431 2473 Qae
1447 2395 1488 2468 ge·

509 2501 588 2552 nera
627 2501 802 2558 curarum,
838 2495 871 2544 et
899 2473 1127 2573 posterioribus
1160 2473 1294 2572 pedibus
1330 2470 1488 2548 adhibenda

411 2651 417 2664 ,
510 2599 656 2651 veterum
674 2573 779 2648 censet
798 2579 980 2650 audloritas.
1040 2573 1124 2648 Vsus
1143 2583 1285 2664 inuenit,
1318 2577 1424 2652 addito
1441 2571 1489 2648 sale

511 2703 544 2754 et
565 2703 656 2754 aucto
678 2681 817 2754 ciliciisg
846 2706 980 2753 ozaenas
999 2678 1173 2767 defricare,
1213 2679 1324 2755 donec
1342 2709 1432 2756 cruor
1449 2701 1489 2752 aut

503 2785 622 2857 'turnor
652 2801 789 2857 emanet.
853 2789 943 2884 Qae
971 2779 1151 2855 obseruatio
1178 2784 1300 2858 etiamfi
1320 2813 1387 2861 non
1408 2778 1489 2888 pers·

432 2939 436 2950 ·
511 2892 654 2972 nauerit,
673 2881 837 2988 sequentes
849 2905 957 2959 tamen
971 2883 1101 2959 adiuuat
1114 2913 1215 2961 curat.

590 3095 627 3164 L.
644 3089 815 3163 Interdum
832 3091 997 3164 reumatici
1017 3093 1239 3163 iumentorum
1258 3091 1418 3166 interdum
1433 3116 1490 3162 reo·

512 3190 575 3266 toli
602 3189 674 3269 sunt
703 3192 815 3294 pedett
852 3219 933 3296 quae
963 3198 1042 3265 vitia
1068 3221 1235 3295 nunquam
1255 3196 1413 3295 tangenda
1437 3191 1490 3266 suot

512 3293 704 3384 serr0‚1sed
724 3295 911 3370 exsiccanda
933 3323 991 3397 per
1011 3297 1174 3396 malagma
1189 3298 1239 3370 vel
1256 3299 1443 3384 caullicum,
1467 3313 1491 3365 tt

512 3399 686 3502 aliquando
705 3402 824 3480 vrcnda
846 3401 960 3473 leuiter
973 3427 1030 3500 pet
1046 3427 1158 3486 venas,
1191 3395 1224 3473 rt
1237 3410 1403 3476 cauteriat
1422 3427 1491 3474 mea

512 3526 581 3589 tua,
604 3510 657 3606 qui
670 3509 844 3594 humorem
862 3500 1049 3603 suscipiunt,
1068 3503 1294 3603 angustentur,
1313 3527 1348 3579 et
1360 3505 1490 3582 constrin-

511 3629 648 3706 gantur,
680 3607 737 3696 γει)
758 3633 819 3707 pro
841 3630 989 3708 tempore
1012 3603 1147 3681 afferant
1175 3606 1395 3685 medicinam:
1432 3611 1491 3707 quia

396 3793 403 3814 ι
504 3705 567 3780 'inc
592 3729 715 3797 totum,
753 3709 875 3784 etiamst
899 3706 1063 3784 intercisae
1094 3733 1127 3786 et
1151 3710 1280 3787 adustae
1304 3709 1377 3789 sunt
1399 3735 1492 3791 venat,

511 3837 581 3884 non
593 3819 711 3914 poterit
725 3815 794 3888 talis
808 3811 900 3889 causa
913 3810 1024 3889 sanari·
1449 3918 1483 3988 U

545 4081 571 4136 d.
584 4081 733 4150 scriptoriam
755 4083 783 4137 in
804 4083 851 4139 hac
871 4103 900 4141 te
923 4103 995 4145 eona·
1063 4102 1090 4154 g.
1107 4085 1165 4137 cibis
1177 4085 1238 4136 onim
1252 4088 1305 4141 Go.

511 4151 617 4204 mandat
633 4152 755 4206 e'utneloa
770 4151 851 4223 Hipp.
864 4169 887 4207 a.
904 4169 928 4221 p.
938 4169 995 4225 113.
1061 4157 1127 4221 Cap.
1142 4159 1170 4207 t.
1204 4169 1227 4207 a.
1243 4156 1339 4206 cauma
1351 4157 1409 4209 Es.
1421 4148 1491 4207 nobil·

510 4235 534 4270 o.
549 4219 637 4274 ttuatt.
1026 4239 1085 4276 cum
1101 4226 1127 4276 S.
1142 4227 1178 4276 M.
1199 4226 1312 4291 liptanas
1330 4235 1492 4294 properatus

477 4293 486 4312 ⁸
543 4307 567 4342 e.
585 4283 696 4342 debebat
717 4290 893 4356 adinum,
915 4303 990 4343 emea-
1025 4295 1060 4346 G.
1085 4291 1153 4345 idem
1172 4295 1288 4361 malagma
1304 4293 1376 4348 dedit
1393 4308 1437 4360 pto
1453 4304 1492 4340 ντί·

509 4355 576 4408 dam.
598 4359 629 4410 ln
639 4355 719 4411 Goth.
728 4359 764 4412 est
776 4361 862 4412 victam
871 4362 993 4430 Jltppmt
1028 4364 1125 4427 legatas.

509 4424 606 4480 deinde
616 4427 689 4479 mixta
700 4443 751 4480 erun
762 4441 830 4482 etue.
1062 4427 1087 4482 b.
1108 4430 1219 4498 (meme)
1232 4428 1276 4483 ins
1290 4432 1317 4484 8.

506 4559 512 4571 Ι
540 4493 558 4548 f.
574 4495 662 4546 cunm
675 4497 701 4550 S.
721 4497 923 4568 Vulgoaltiecrm.
942 4501 997 4555 ὓει
1064 4501 1122 4559 cfi
1138 4499 1165 4546 ἑτι
1182 4509 1254 4551 tutan
1267 4509 1296 4553 et
1314 4501 1416 4570 mser
1428 4492 1491 4548 etet·

504 4562 781 4631 rnuewrm-
797 4569 884 4622 ceam
895 4569 962 4624 Gn.>
1029 4571 1107 4638 cerfae
1122 4569 1148 4622 S.
1162 4569 1201 4622 M.
1424 4586 1427 4595 ¹
