3434 5434
488 632 535 703 ⁶0
655 614 1063 703 vror'ru‘uru'u.
1088 626 1317 702 caraxun
1351 602 1409 631 ’·’

457 804 679 915 'moriorque'
698 820 814 891 excitat
844 801 1068 902 vehementes,
1110 840 1152 889 ex
1182 838 1250 915 quo
1269 805 1440 885 ¹iumenta
1470 807 1501 883 se

485 924 659 1022 proiiciuut
678 946 716 991 ac
735 919 899 1004 volutant,
937 919 1135 1019 extensisque
1158 917 1290 1015 pedibus
1316 917 1502 989 calcitrant.

456 1020 539 1095 ased
554 1028 612 1122 per
625 1025 857 1121 impatientiam
870 1019 901 1095 se
918 1018 1031 1121 saepe¹¹
1046 1023 1197 1097 iasiando
1206 1040 1322 1094 ventus
1338 1014 1502 1103 increscit,

384 1163 386 1177 ·
487 1148 520 1201 et
538 1131 657 1199 mixtus
675 1124 803 1197 stercori
825 1121 920 1227 vsque
941 1126 1002 1199 adi
1022 1120 1378 1211 intestina'descendit‚
1419 1118 1502 1195 uec'K

485 1236 571 1317 iam,
603 1217 765 1329 utsupra,
796 1237 965 1331 rumpitur.
1030 1226 1152 1333 Qodk
1173 1234 1289 1302 vitium
1320 1226 1415 1303 Iseos
1439 1250 1498 1296 vo·

485 1354 576 1407 catur
597 1334 637 1405 ab
662 1359 719 1431 eq,
759 1330 846 1434 quod
875 1332 1019 1407 intestina
1040 1334 1119 1406 locis
1136 1326 1197 1405 suis
1217 1327 1370 1424 exclusa,
1412 1318 1497 1431 quast

484 1440 593 1511 obices
617 1432 748 1511 faciunt.
782 1464 862 1539 quae
879 1434 1029 1513 valetudo
1048 1432 1225 1537 periculosa
1241 1422 1312 1521 ed,
1342 1426 1406 1507 nisi
1421 1460 1498 1505 cum

450 1555 473 1622 *3
485 1542 641 1615 celeritate
654 1537 842 1614 subticueris.
892 1537 1088 1613 Huiusmodi
1102 1560 1210 1613 autem
1222 1532 1295 1615 sont
1307 1529 1499 1612 adhibenda

483 1642 644 1719 remedia:
674 1650 766 1743 Aqua
788 1642 892 1716 calida
913 1670 1001 1717 tenes
1015 1644 1158 1717 animalis
1172 1640 1350 1717 diutissime
1364 1634 1500 1714 somen-

481 1753 578 1833 tabis,
598 1744 797 1846 foenumque
812 1776 888 1820 curn
901 1746 1020 1833 calida,
1050 1768 1086 1819 vt
1100 1772 1202 1847 vapor
1214 1752 1319 1845 magis
1334 1762 1497 1845 penetret,

480 1848 666 1953 frequenter
691 1857 842 1951 apponis,
880 1850 953 1951 posi
972 1850 1101 1923 ciliciit¹
1124 1848 1295 1949 diligenter
1315 1848 1495 1947 absterges,

432 2038 434 2043 .
482 1960 591 2027 itemun
611 1956 724 2026 oleum
749 1974 885 2026 vetuset
898 1962 1004 2055 picem
1021 1950 1193 2054 liquidam,
1218 1974 1250 2026 et
1267 1952 1386 2027 oleum
1403 1952 1495 2023 sauri·

483 2086 564 2131 num
587 2054 740 2143 miseren,
773 2055 958 2145 calefacies,
981 2079 1012 2131 et
1026 2054 1426 2158 diutisfimeperfricabis,
1452 2060 1494 2123 ita

425 2191 426 2195 ¹
483 2174 539 2234 ut⁰
569 2160 728 2234 testiculos
756 2167 822 2233 eius
851 2188 1026 2263 perungat,
1065 2182 1096 2235 et
1115 2167 1149 2233 iu
1169 2161 1328 2234 auriculas
1348 2154 1494 2233 calidum

376 2320 388 2341 ,
453 2262 689 2350 4ιηοάὶεαιῐιεη
716 2260 876 2339 infundas.
938 2268 1032 2338 Tam
1065 2262 1120 2337 diu
1148 2286 1256 2339 autem
1280 2260 1493 2340 fricabituri',

403 2386 406 2394 '
483 2392 518 2441 vt
546 2363 656 2441 sudare
688 2374 818 2467 incipiat
843 2391 876 2441 et
899 2390 1032 2441 uentum
1061 2369 1225 2456 emittere,
1262 2394 1302 2440 ex
1328 2393 1401 2469 quo
1424 2360 1492 2464 spes

422 2508 425 2515 ¹
483 2470 661 2546 ostenditur
690 2469 837 2545 sanitatis.
903 2470 1002 2573 Qod
1030 2474 1108 2545 loco
1139 2469 1245 2545 calido
1271 2470 1412 2557 ssantes,
1453 2492 1495 2552 ac,

482 2572 592 2675 sagisq
627 2580 796 2675 'cooperies
832 2574 1028 2675 diiigenter,
1071 2580 1154 2649 banc
1180 2576 1324 2649 daturus·
1340 2568 1491 2677 quotidie

482 2684 661 2783 potionem.
719 2682 838 2779 Piperis
858 2708 957 2780 grana
978 2686 1227 2783 quinquaginta,
1255 2675 1489 2779 petroselinum

364 2790 376 2805 '
483 2802 640 2884 quantum
655 2802 789 2883 quatuor
804 2780 895 2883 digiti
910 2782 1205 2887 comprehendunt,
1231 2788 1378 2856 cumini‘
1394 2780 1489 2853 Alex·

482 2885 607 2959 audriui
637 2884 845 2973 tantundem,
884 2894 1006 2959 cumini
1034 2914 1161 2991 quoque
1188 2884 1330 2962 Africani
1361 2904 1488 2959 tantun·

482 2988 579 3077 dem,
614 2984 722 3063 semen
745 2996 827 3088 apii,
856 3001 1040 3086 myrram',
1077 3011 1244 3093 nepetam,
1275 2985 1485 3089 trissaginem,

484 3099 590 3193 aequis
610 3088 825 3193 ponderibus,
849 3097 963 3197 quibus
984 3093 1026 3167 ad
1048 3091 1219 3169 dimidiam
1242 3100 1397 3166 omnium
1415 3116 1485 3189 par·

482 3216 548 3267 tem
570 3202 690 3267 ninum
714 3193 888 3272 admiscere
909 3220 940 3270 te
953 3206 1113 3271 conuenit.
1171 3204 1265 3299 Qrae
1276 3194 1389 3273 omnia
1403 3195 1484 3265 bene

481 3305 552 3373 trita
566 3326 607 3373 ex
627 3304 703 3372 vino
717 3298 824 3373 casido
838 3326 870 3375 et
890 3301 963 3374 oleo
978 3308 1085 3404 aequis
1097 3300 1311 3404 ponderibus,
1342 3320 1376 3373 et
1390 3294 1484 3369 melle

450 3424 635 3507 §quantum
664 3398 736 3477 satis
755 3402 851 3478 fuerit
873 3402 971 3482 dabis.
1036 3410 1128 3481 Haec
1151 3406 1316 3507 [autem']
1336 3406 1431 3507 potio
1452 3416 1482 3467 et

1401 3500 1480 3577 cele·

395 3786 406 3799 ‚
512 3738 673 3793 bimum.
692 3740 718 3795 S.
738 3742 777 3795 Μ.
800 3744 852 3797 Go.
879 3739 962 3815 vulgo
1029 3742 1048 3796 l.
1064 3741 1271 3807 diutinam.

480 3809 607 3863 additum.
821 3826 826 3837 ·
1029 3828 1064 3865 m.
1083 3812 1136 3861 item
1151 3828 1182 3863 eat
1195 3813 1221 3865 S.
1232 3808 1359 3865 additum.

514 3878 530 3929 i.
548 3878 575 3927 in
590 3880 614 3930 S.
625 3880 662 3931 M.
1031 3877 1153 3934 metius.
1167 3882 1192 3932 S.

512 3946 538 3999 k.
555 3948 613 4013 quus
631 3946 712 3997 siriam
726 3949 797 3997 Iseum
811 3943 914 4007 nicatur,
933 3948 963 4001 ad
1030 3966 1056 4006 o.
1074 3944 1101 4000 a't
1114 3952 1139 4001 S.
1154 3950 1225 4001 Met
1238 3949 1290 4001 Go.
1309 3943 1363 4000 Vul
1412 3951 1479 3992 ἃ·

477 4026 504 4066 et
524 4016 583 4079 quod
603 4014 711 4077 intestina
732 4017 784 4083 fiiis
801 4016 857 4071 Iocis
874 4020 964 4085 exclusa
994 4032 1103 4087 perenger
1116 4016 1280 4081 -irrsnnden
1297 4015 1348 4067 Sed
1389 4029 1414 4066 o.
1425 4024 1477 4078 pfl·

476 4088 541 4206 ’Ψ
556 4084 843 4221 tss‘zssss‘stffss
857 4088 964 4207 iiiiii
999 4082 1331 4221 ⁹““‘,({25b5s²'ii“”⁸“'·

612 4174 623 4195 ¹¹
779 4189 786 4212 2
827 4181 832 4204 r
1049 4196 1056 4207 .
1086 4176 1098 4204 r·
1203 4191 1211 4206 .
1256 4194 1261 4205 .

479 4220 539 4287 quod
555 4224 580 4273 in
594 4200 679 4275 astitum
694 4170 733 4287 qis
747 4226 803 4273 litor
816 4236 911 4290 postem
924 4226 962 4285 (ex
1030 4174 1055 4293 g.
1069 4226 1129 4293 fitis
1144 4228 1180 4276 M.
1193 4222 1220 4275 S.
1241 4222 1315 4290 secuit
1330 4221 1382 4273 Go·
1431 4252 1436 4263 ·

478 4304 504 4341 eo
526 4314 558 4331 ·-
577 4296 679 4359 excitasti.
705 4292 794 4342 ruituri
814 4295 877 4358 quast
897 4294 963 4345 esim
1030 4312 1051 4347 r.
1067 4293 1156 4360 Vulgo
1169 4292 1252 4343 cimini
1266 4290 1314 4344 bia.

473 4360 552 4425 [rme
570 4362 676 4427 sarium)
699 4361 818 4417 inciderit.
845 4378 871 4411 ea
894 4363 961 4412 obiit.
1029 4378 1050 4415 s.
1066 4362 1158 4431 Vulgo
1171 4376 1288 4419 murram,
1305 4356 1417 4425 nepita&
1431 4347 1475 4399 Μ’·

479 4443 528 4481 etc.
564 4432 592 4481 ln
609 4433 679 4482 Goth
703 4428 750 4483 cst:
764 4428 808 4497 fid
825 4430 962 4491 innititur,
995 4433 1110 4495 xagimm.
1128 4434 1179 4485 Go.
1188 4426 1474 4498 scansis-scirem*

477 4498 538 4561 qued
553 4502 619 4559 ysemt
641 4524 676 4537 ·-—
697 4500 726 4549 ab
749 4514 774 4549 eo
796 4522 831 4537 ›-
849 4498 961 4563 sarimtt:
995 4502 1140 4567 remigiano

475 4580 533 4629 qnae
545 4569 657 4620 valitudo.
681 4570 710 4620 ln
724 4563 810 4621 Sntnb.
819 4564 855 4621 est
868 4570 922 4622 iste.
1029 4585 1048 4622 t.
1067 4580 1143 4620 onir
1154 4584 1205 4621 orn.
1220 4568 1300 4635 S.‚M.
1316 4574 1338 4614 tt
1350 4578 1400 4617 om·
1412 4560 1460 4610 (3⁰-
