3434 5434
363 652 374 667 ,
482 566 557 642 nn
605 540 997 649 nocumentum,
1187 573 1259 652 ισι

243 774 336 833 rarae,
357 750 440 819 rede
457 758 619 823 admonuit
636 755 829 835 Pontedera,
853 761 907 845 qui
932 760 1080 848 deinceps
1092 741 1266 845 qaidemex

242 840 306 907 Edd.
318 860 359 925 pr.
373 842 462 908 Polit.
476 842 609 908 Tromb.
625 857 657 908 et
672 845 726 909 suo
742 844 861 910 Codice
876 846 1039 911 nobiscum
1060 848 1189 929 probat(

312 928 331 991 l.
352 944 377 1009 5.
390 924 539 1013 srdloagi
549 932 652 1011 potiar
664 950 755 1013 quarn
775 934 899 995 rotundi
917 934 1095 1015 corrigebat
1112 930 1265 997 Pontede-

244 1031 286 1087 ra;
305 1012 392 1076 etiarn
405 1026 512 1077 contra
530 1016 652 1079 Palladii
666 1030 699 1080 et
713 1014 812 1083 Codd.
834 1014 1068 1094 austeritatem,
1098 1019 1150 1080 illa
1168 1016 1265 1082 conli-

244 1100 281 1163 lus
291 1098 418 1174 ratione,
439 1103 534 1181 quod,
552 1113 585 1165 vt
600 1102 643 1167 ait
663 1100 853 1176 Columella,
868 1100 1063 1187 frequentius
1077 1104 1167 1185 parri
1181 1104 1266 1190 firni-

245 1184 529 1269 liarrslprogrnier,
557 1208 649 1273 quam
669 1191 775 1252 matri.
817 1188 990 1265 Quomodo
1009 1190 1125 1272 igitur,
1154 1191 1266 1273 inquit,
1357 1218 1364 1230 ν
1447 1148 1476 1182 ·,

244 1269 382 1335 nascentur
393 1271 509 1335 scrofae
522 1270 688 1357 longillimi
703 1275 810 1349 statua,
822 1272 845 1337 fi
859 1297 965 1340 verres
980 1278 1149 1359 probantur
1163 1256 1276 1365 magial

245 1358 361 1439 quadrati
386 1370 437 1421 ant
458 1358 608 1422 rotundi?
630 1364 676 1426 At
695 1360 772 1425 haec
792 1360 836 1425 est
854 1362 914 1424 alia
938 1362 1091 1444 quaestio,
1120 1362 1268 1439 adhunc
1294 1392 1300 1404 ·

244 1442 329 1505 locum
346 1462 405 1505 nnn
426 1444 597 1527 pertinens.
642 1444 724 1509 Satis
739 1446 792 1523 est,
813 1445 995 1531 scripturam
1016 1439 1172 1531 vulgatum
1192 1440 1266 1513 eonss

246 1530 333 1591 tenire
344 1548 413 1593 cum
426 1528 585 1611 disciplina
600 1530 698 1595 totius
713 1534 915 1615 antiquitatis.

312 1611 341 1677 P.
362 1630 430 1696 373.
451 1612 525 1679 sedi.
539 1632 571 1699 9.
593 1614 690 1681 adbuc
709 1614 831 1701 labent]
857 1618 965 1681 Codex
986 1614 1268 1695 Caedemlaarr‘aiil,

246 1698 459 1849 ἰηζυοΡὲηϊᾶἀ.
477 1703 594 1787 reperit
610 1702 730 1785 laternis
753 1708 834 1767 vnde
848 1704 1006 1787 lastiniani
1029 1705 1189 1787 ingeniose
1210 1705 1265 1767 eli-

248 1788 399 1849 cutviro
432 1806 483 1851 u.
535 1834 538 1849 .
997 1830 1001 1838 -
1057 1820 1061 1830 ¹

311 1870 338 1934 P.
358 1888 427 1952 377.
454 1808 532 1957 ἔαρ.
555 1874 591 1937 Χ.
619 1871 690 1937 seit.
707 1878 738 1948 8.
770 1873 802 1937 in
827 1872 917 1940 Polit.
939 1874 1000 1939 eli:
1029 1894 1101 1939 narn
1118 1892 1211 1956 prcus
1232 1874 1266 1940 ia

249 1956 371 2020 exitiabile
385 1960 430 2021 bis
455 1960 638 2024 werinum
649 1960 761 2043 pabuli.
774 1960 947 2024 Trombell.
964 1974 997 2024 et
1020 1960 1149 2024 Pontcd.
1169 1962 1266 2025 inmi-

249 2042 326 2129 tiaiila
337 2040 400 2123 fuir
418 2041 610 2109 dulcedinem.
634 2046 757 2109 Caesen.
777 2064 848 2109 nam
864 2066 956 2129 pecus
977 2047 1009 2111 in
1031 2045 1185 2109 exitiabile
1196 2042 1267 2131 suia

248 2125 370 2193 medua
381 2132 531 2215 deinceps
544 2132 576 2195 in
594 2132 685 2197 Polit.
700 2132 886 2195 membranis
901 2132 963 2195 elle
981 2133 1025 2197 ait
1036 2152 1090 2218 aea
1103 2133 1173 2196 bate
1189 2134 1266 2205 Pon·
1331 2150 1335 2157 ·

249 2214 347 2287 tedcra,
364 2216 414 2299 qui
429 2214 537 2281 locum
553 2218 596 2281 ita
613 2219 761 2298 corrigit:
782 2238 955 2301 rumpetur
977 2220 1009 2280 r'rr
1029 2219 1157 2281 exitium
1178 2217 1267 2281 labile
1300 2229 1304 2236 '
1330 2272 1334 2283 .

243 2294 281 2379 sui
290 2300 455 2365 dubrdinem
466 2302 575 2385 pabuli
590 2300 815 2384 ,consplianlam
835 2313 865 2366 et
877 2300 979 2387 supra
999 2299 1278 2385 modumsatiatae.

245 2378 330 2467 [plenis
341 2388 519 2453 §manento
529 2388 679 2455 laborant.
750 2390 904 2454 Aestatem
927 2389 1009 2451 enirn
1025 2408 1087 2451 non
1099 2388 1159 2451 elie
1175 2394 1218 2454 ait
1232 2391 1265 2454 in

248 2472 314 2535 nausa
325 2474 428 2548 morbi,
448 2474 503 2538 sed
517 2488 717 2550 autumnum,
731 2494 809 2559 quo,
832 2490 867 2541 vt
879 2476 1046 2559 aitpoeta,
1060 2475 1150 2538 strata
1162 2477 1267 2539 iacent

247 2573 321 2637 potua
332 2558 380 2623 sub
398 2560 511 2624 arbore
524 2580 664 2645 quaeque
684 2562 746 2625 sua.
1051 2640 1053 2643 Α

315 2644 341 2708 Ρ.
361 2660 431 2727 39¹·
458 2645 538 2730 Cap.
560 2646 617 2710 Ill.
638 2644 715 2719 seli.
735 2662 766 2728 4.
795 2645 815 2712 l.
835 2662 876 2732 4.1
897 2643 1014 2713 dubitet
1033 2645 1190 2723 marius,
1213 2646 1267 2729 qai

250 2744 278 2788 ex
290 2728 357 2793 Edd.
371 2752 416 2815 pr.
431 2732 524 2796 Polit.
540 2729 669 2797 Tromb.
686 2746 719 2797 et
734 2733 788 2795 suo
800 2735 911 2816 probat
928 2736 1109 2795 Pontedera.
1153 2812 1156 2816 ἵ

315 2818 344 2881 Ρ.
366 2832 436 2901 394.
458 2818 535 2903 Cap.
557 2816 612 2883 IV.
635 2814 705 2883 seit.
723 2832 752 2898 5.
770 2820 790 2885 l.
807 2836 838 2905 4.
862 2819 1007 2890 irruinrl
1027 2838 1101 2879 curn
1123 2816 1213 2880 Polit.
1233 2828 1268 2882 et

250 2898 365 2966 Ambrol'.
377 2902 474 2969 Codd.
490 2904 621 2969 includit
634 2904 761 2968 Ponted.
773 2915 806 2968 vt
820 2906 973 2969 contraria
988 2923 1055 2985 cap.
1071 2900 1110 2969 V.
1124 2900 1194 2968 sest.
1208 2922 1240 2981 2,

316 2990 345 3055 P.
365 2996 435 3071 398.
453 2988 532 3073 Cap.
553 2988 594 3053 V.
616 2988 687 3053 sert.
708 3006 755 3069 14.
776 2993 967 3071 parturierint
980 3012 1019 3053 en
1043 2986 1136 3053 Goes.
1158 2990 1266 3053 Ambe.

249 3082 317 3137 etex
329 3072 460 3141 letlione
479 3076 713 3161 putaminarum
732 3096 873 3159 rumpere
894 3078 986 3144 Polit.
1006 3076 1117 3160 probat
1133 3074 1267 3158 mamb
1315 3094 1330 3138 .·

247 3174 279 3221 Μ
294 3180 439 3329 ”lma
469 3240 542 3311 sest.
565 3263 618 3311 21.
635 3244 741 3329 spicas
765 3268 824 3311 ceu
845 3246 1028 3331 grandiores
1049 3264 1107 3326 pro
1128 3244 1267 3345 lancibus

249 3331 308 3409 pulli
322 3347 415 3409 mutat
427 3335 459 3397 in
472 3334 568 3397 miras
582 3348 654 3395 cutn
667 3332 765 3397 Codd.
780 3334 873 3400 Goes.
884 3334 974 3399 Polit.
983 3329 1124 3397 Ambros.
1145 3330 1268 3397 Detnde

251 3416 486 3570 pitpepaaseap‘mRex
500 3416 654 3567 Gne-gang
674 3420 767 3505 narfia
782 3417 952 3570 tensculpllt
971 3414 1103 3500 causam.
1162 3417 1206 3481 At
1228 3419 1267 3479 de

315 3524 418 3569 ranae
452 3524 613 3569 tonevre
641 3525 804 3571 onumen.
836 3521 877 3582 ,4
921 3550 931 3567 .

317 3592 346 3655 Ρ.
366 3607 441 3672 4ιο.
478 3590 552 3674 Cap.
573 3590 631 3653 Xl.
666 3590 738 3657 seit.
765 3610 791 3655 r.
814 3520 939 3655 branila
972 3608 1030 3671 pro
1050 3595 1149 3653 ructus
1176 3586 1268 3651 Codi-

252 3690 306 3737 cum
320 3674 499 3743 anttorinatc
520 3678 626 3757 inepte
641 3678 788 3741 defendit.
906 3730 909 3736 ,
1250 3676 1259 3704 ’·
1353 3731 1356 3740 .

319 3762 346 3826 P.
369 3781 441 3840 41¹.
468 3758 541 3826 tett.
561 3778 591 3840 4.
621 3758 675 3845 effe
694 3760 799 3827 debent
818 3780 918 3848 quac:
947 3761 1026 3834 haec
1046 3758 1146 3844 spuria
1165 3756 1269 3821 censet

251 3860 308 3907 cunr
320 3848 391 3913 Edd.
404 3868 451 3933 pr.
465 3848 556 3913 Polit.
570 3848 701 3912 Trnmb.
715 3860 748 3913 et
762 3848 816 3911 suo
833 3847 913 3911 libro
927 3848 1108 3911 Pontedera.
1172 3844 1268 3907 Dein-

251 3948 310 4013 ceps
327 3934 510 3999 vocabulum
524 3932 727 4016 rxrrnptibibs
740 3954 778 3997 ex
794 3935 885 3999 Polit.
901 3946 933 3999 et
951 3932 1091 3997 umbros.
1106 3928 1250 4014 praefert.

318 4018 349 4085 Ρ.
366 4036 438 4101 4ις.
470 4018 545 4103 Cap.
564 4019 651 4085 Xlll.
683 4016 754 4085 sert.
772 4038 807 4083 a.
841 4038 908 4084 curn
927 4021 1092 4085 aduentum
1113 4015 1270 4079 Gallorum

251 4100 409 4254 ucdfmatur
423 4106 463 4193 est
479 4102 564 4170 reite
577 4125 616 4170 en
631 4104 709 4171 Edd.
724 4124 773 4189 pr,
786 4103 911 4189 (Sang.)
923 4104 1013 4178 Polit.
1035 4117 1066 4167 et
1080 4102 1133 4169 suo
1153 4092 1271 4165 Codice

249 4192 501 4265 pneertPnnted.
1392 4199 1395 4206 '

320 4275 351 4341 Ρ.
371 4276 442 4361 416.
466 4272 537 4343 left.
555 4294 584 4357 3.
604 4272 673 4341 1.6.
694 4277 766 4360 quin
780 4278 873 4341 uliam
887 4278 919 4341 in
933 4272 1064 4340 rudeffr'r
1084 4270 1164 4335 cirta
1176 4263 1270 4351 stare·

251 4362 291 4421 lar
301 4360 422 4447 fingunt
436 4362 642 4446 laesam
662 4360 772 4427 amilio
794 4371 912 4447 oportet
939 4357 1050 4446 probat
1074 4376 1114 4419 ex
1136 4355 1272 4505 lctigppe
